{
  "table": [
    {
      "brand": "Woolworths",
      "productName": "Woolworths Rspca Approved Chicken Stirfry 500g",
      "category": "Meat, Seafood & Deli",
      "imageURL": "https://cdn0.woolworths.media/content/wowproductimages/medium/002841.jpg",
      "discountedPrice": 8,
      "originalPrice": 8.5,
      "percent": 6,
      "savings": 0.5,
      "unitPrice": " $16.00 / 1KG ",
      "onlineOnly": false
    },
    {
      "brand": "Woolworths",
      "productName": "Ocean Chef Steamed Fish Fillets Olive Oil Garlic & Herbs 350g",
      "category": "Meat, Seafood & Deli",
      "imageURL": "https://cdn0.woolworths.media/content/wowproductimages/medium/005268.jpg",
      "discountedPrice": 4.5,
      "originalPrice": 8.5,
      "percent": 47,
      "savings": 4,
      "unitPrice": " $12.86 / 1KG ",
      "onlineOnly": false
    },
    {
      "brand": "Woolworths",
      "productName": "Ocean Chef Steamed Fish Fillets Coconut Chilli & Lime 350g",
      "category": "Meat, Seafood & Deli",
      "imageURL": "https://cdn0.woolworths.media/content/wowproductimages/medium/005298.jpg",
      "discountedPrice": 4.5,
      "originalPrice": 8.5,
      "percent": 47,
      "savings": 4,
      "unitPrice": " $12.86 / 1KG ",
      "onlineOnly": false
    },
    {
      "brand": "Woolworths",
      "productName": "Ocean Chef Flathead In Crunchy Batter 500g",
      "category": "Meat, Seafood & Deli",
      "imageURL": "https://cdn0.woolworths.media/content/wowproductimages/medium/005371.jpg",
      "discountedPrice": 8,
      "originalPrice": 10,
      "percent": 20,
      "savings": 2,
      "unitPrice": " $16.00 / 1KG ",
      "onlineOnly": false
    },
    {
      "brand": "Woolworths",
      "productName": "Ocean Chef Lightly Seasoned Squid Chip 360g",
      "category": "Meat, Seafood & Deli",
      "imageURL": "https://cdn0.woolworths.media/content/wowproductimages/medium/005400.jpg",
      "discountedPrice": 3.75,
      "originalPrice": 6,
      "percent": 38,
      "savings": 2.25,
      "unitPrice": " $10.42 / 1KG ",
      "onlineOnly": false
    },
    {
      "brand": "Woolworths",
      "productName": "Bertocchi Sopressa Salami Hot Sliced From The Deli per kg",
      "category": "Meat, Seafood & Deli",
      "imageURL": "https://cdn0.woolworths.media/content/wowproductimages/medium/014627.jpg",
      "discountedPrice": 26,
      "originalPrice": 33,
      "percent": 21,
      "savings": 7,
      "unitPrice": " $26.00 / 1KG ",
      "onlineOnly": false
    },
    {
      "brand": "Woolworths",
      "productName": "Bertocchi Sopressa Salami Mild Sliced From The Deli per kg",
      "category": "Meat, Seafood & Deli",
      "imageURL": "https://cdn0.woolworths.media/content/wowproductimages/medium/014663.jpg",
      "discountedPrice": 26,
      "originalPrice": 33,
      "percent": 21,
      "savings": 7,
      "unitPrice": " $26.00 / 1KG ",
      "onlineOnly": false
    },
    {
      "brand": "Woolworths",
      "productName": "Huon Tasmanian Smoked Salmon Cold Smoked 100g",
      "category": "Meat, Seafood & Deli",
      "imageURL": "https://cdn0.woolworths.media/content/wowproductimages/medium/015397.jpg",
      "discountedPrice": 7,
      "originalPrice": 8.5,
      "percent": 18,
      "savings": 1.5,
      "unitPrice": " $70.00 / 1KG ",
      "onlineOnly": false
    },
    {
      "brand": "Woolworths",
      "productName": "Mersey Valley Cheddar Cheese Smoky Bacon Flavour 235g",
      "category": "Meat, Seafood & Deli",
      "imageURL": "https://cdn0.woolworths.media/content/wowproductimages/medium/016490.jpg",
      "discountedPrice": 5.5,
      "originalPrice": 7.9,
      "percent": 30,
      "savings": 2.4,
      "unitPrice": " $23.40 / 1KG ",
      "onlineOnly": false
    },
    {
      "brand": "Woolworths",
      "productName": "Norfolk Bay Natural Wood Smoked Prawns 120g",
      "category": "Meat, Seafood & Deli",
      "imageURL": "https://cdn0.woolworths.media/content/wowproductimages/medium/018181.jpg",
      "discountedPrice": 9,
      "originalPrice": 10,
      "percent": 10,
      "savings": 1,
      "unitPrice": " $75.00 / 1KG ",
      "onlineOnly": false
    },
    {
      "brand": "Woolworths",
      "productName": "Just Caught Crumbed Pollock Fillets 1kg",
      "category": "Meat, Seafood & Deli",
      "imageURL": "https://cdn0.woolworths.media/content/wowproductimages/medium/019341.jpg",
      "discountedPrice": 10,
      "originalPrice": 12,
      "percent": 17,
      "savings": 2,
      "unitPrice": " $10.00 / 1KG ",
      "onlineOnly": false
    },
    {
      "brand": "Woolworths",
      "productName": "Woolworths Cook Chicken Drumsticks Sweet & Smokey Bbq Glaze 1.4kg",
      "category": "Meat, Seafood & Deli",
      "imageURL": "https://cdn0.woolworths.media/content/wowproductimages/medium/024563.jpg",
      "discountedPrice": 8.5,
      "originalPrice": 9.5,
      "percent": 11,
      "savings": 1,
      "unitPrice": " $6.07 / 1KG ",
      "onlineOnly": false
    },
    {
      "brand": "Woolworths",
      "productName": "Luv-a-duck Confit Duck Legs 500g",
      "category": "Meat, Seafood & Deli",
      "imageURL": "https://cdn0.woolworths.media/content/wowproductimages/medium/025426.jpg",
      "discountedPrice": 10,
      "originalPrice": 14,
      "percent": 29,
      "savings": 4,
      "unitPrice": " $20.00 / 1KG ",
      "onlineOnly": false
    },
    {
      "brand": "Woolworths",
      "productName": "Ingham's Oven Roasted Turkey Breast Shaved From The Deli per kg",
      "category": "Meat, Seafood & Deli",
      "imageURL": "https://cdn0.woolworths.media/content/wowproductimages/medium/027316.jpg",
      "discountedPrice": 26,
      "originalPrice": 28,
      "percent": 7,
      "savings": 2,
      "unitPrice": " $26.00 / 1KG ",
      "onlineOnly": false
    },
    {
      "brand": "Woolworths",
      "productName": "Castello Cream Cheese Chive & Spring Onion 125g",
      "category": "Meat, Seafood & Deli",
      "imageURL": "https://cdn0.woolworths.media/content/wowproductimages/medium/033775.jpg",
      "discountedPrice": 4,
      "originalPrice": 5,
      "percent": 20,
      "savings": 1,
      "unitPrice": " $32.00 / 1KG ",
      "onlineOnly": false
    },
    {
      "brand": "Woolworths",
      "productName": "Castello Tropical Fruit And Almond Cream Cheese 125g",
      "category": "Meat, Seafood & Deli",
      "imageURL": "https://cdn0.woolworths.media/content/wowproductimages/medium/033782.jpg",
      "discountedPrice": 4,
      "originalPrice": 5,
      "percent": 20,
      "savings": 1,
      "unitPrice": " $32.00 / 1KG ",
      "onlineOnly": false
    },
    {
      "brand": "Woolworths",
      "productName": "Primo Kransky Double Smoked From The Deli per kg",
      "category": "Meat, Seafood & Deli",
      "imageURL": "https://cdn0.woolworths.media/content/wowproductimages/medium/040556.jpg",
      "discountedPrice": 13,
      "originalPrice": 17,
      "percent": 24,
      "savings": 4,
      "unitPrice": " $13.00 / 1KG ",
      "onlineOnly": false
    },
    {
      "brand": "Woolworths",
      "productName": "Castello Blue Cheese Creamy 150g",
      "category": "Meat, Seafood & Deli",
      "imageURL": "https://cdn0.woolworths.media/content/wowproductimages/medium/048824.jpg",
      "discountedPrice": 5.5,
      "originalPrice": 6,
      "percent": 8,
      "savings": 0.5,
      "unitPrice": " $36.67 / 1KG ",
      "onlineOnly": false
    },
    {
      "brand": "Woolworths",
      "productName": "Castello Brie Double Cream 150g",
      "category": "Meat, Seafood & Deli",
      "imageURL": "https://cdn0.woolworths.media/content/wowproductimages/medium/048920.jpg",
      "discountedPrice": 5.5,
      "originalPrice": 6,
      "percent": 8,
      "savings": 0.5,
      "unitPrice": " $36.67 / 1KG ",
      "onlineOnly": false
    },
    {
      "brand": "Woolworths",
      "productName": "Woolworths Cook Porchetta Roast With Garlic & Herb Seasoning 1kg - 1.5kg",
      "category": "Meat, Seafood & Deli",
      "imageURL": "https://cdn0.woolworths.media/content/wowproductimages/medium/059253.jpg",
      "discountedPrice": 27,
      "originalPrice": 33,
      "percent": 18,
      "savings": 6,
      "unitPrice": " $18.00 / 1KG ",
      "onlineOnly": false
    },
    {
      "brand": "Woolworths",
      "productName": "Ingham's Oven Roasted Turkey Breast Sliced From The Deli per kg",
      "category": "Meat, Seafood & Deli",
      "imageURL": "https://cdn0.woolworths.media/content/wowproductimages/medium/059755.jpg",
      "discountedPrice": 26,
      "originalPrice": 28,
      "percent": 7,
      "savings": 2,
      "unitPrice": " $26.00 / 1KG ",
      "onlineOnly": false
    },
    {
      "brand": "Woolworths",
      "productName": "Ocean Chef Extra Large Raw Prawn Tail On 500g",
      "category": "Meat, Seafood & Deli",
      "imageURL": "https://cdn0.woolworths.media/content/wowproductimages/medium/062057.jpg",
      "discountedPrice": 17,
      "originalPrice": 22,
      "percent": 23,
      "savings": 5,
      "unitPrice": " $34.00 / 1KG ",
      "onlineOnly": false
    },
    {
      "brand": "Woolworths",
      "productName": "Just Caught Garlic Prawns 500g",
      "category": "Meat, Seafood & Deli",
      "imageURL": "https://cdn0.woolworths.media/content/wowproductimages/medium/062458.jpg",
      "discountedPrice": 13.5,
      "originalPrice": 14.5,
      "percent": 7,
      "savings": 1,
      "unitPrice": " $27.00 / 1KG ",
      "onlineOnly": false
    },
    {
      "brand": "Woolworths",
      "productName": "Ocean Blue Mini Blinis 168g",
      "category": "Meat, Seafood & Deli",
      "imageURL": "https://cdn0.woolworths.media/content/wowproductimages/medium/066249.jpg",
      "discountedPrice": 4.5,
      "originalPrice": 5.4,
      "percent": 17,
      "savings": 0.9,
      "unitPrice": " $26.79 / 1KG ",
      "onlineOnly": false
    },
    {
      "brand": "Woolworths",
      "productName": "Obela Restaurant Style Hommus 350g",
      "category": "Meat, Seafood & Deli",
      "imageURL": "https://cdn0.woolworths.media/content/wowproductimages/medium/067303.jpg",
      "discountedPrice": 5.5,
      "originalPrice": 6.5,
      "percent": 15,
      "savings": 1,
      "unitPrice": " $1.57 / 100G ",
      "onlineOnly": false
    },
    {
      "brand": "Woolworths",
      "productName": "D'orsogna Shortcut Bacon per kg",
      "category": "Meat, Seafood & Deli",
      "imageURL": "https://cdn0.woolworths.media/content/wowproductimages/medium/071841.jpg",
      "discountedPrice": 15,
      "originalPrice": 17,
      "percent": 12,
      "savings": 2,
      "unitPrice": " $15.00 / 1KG ",
      "onlineOnly": false
    },
    {
      "brand": "Woolworths",
      "productName": "D'orsogna Middle Bacon per kg",
      "category": "Meat, Seafood & Deli",
      "imageURL": "https://cdn0.woolworths.media/content/wowproductimages/medium/071859.jpg",
      "discountedPrice": 11,
      "originalPrice": 12,
      "percent": 8,
      "savings": 1,
      "unitPrice": " $11.00 / 1KG ",
      "onlineOnly": false
    },
    {
      "brand": "Woolworths",
      "productName": "Tasmanian Heritage Double Brie Cheese 250g",
      "category": "Meat, Seafood & Deli",
      "imageURL": "https://cdn0.woolworths.media/content/wowproductimages/medium/077182.jpg",
      "discountedPrice": 5.9,
      "originalPrice": 11.8,
      "percent": 50,
      "savings": 5.9,
      "unitPrice": " $23.60 / 1KG ",
      "onlineOnly": false
    },
    {
      "brand": "Woolworths",
      "productName": "Woolworths Cook Pork Knuckle 800g - 1.2kg",
      "category": "Meat, Seafood & Deli",
      "imageURL": "https://cdn0.woolworths.media/content/wowproductimages/medium/078575.jpg",
      "discountedPrice": 9,
      "originalPrice": 15.6,
      "percent": 42,
      "savings": 6.6,
      "unitPrice": " $7.50 / 1KG ",
      "onlineOnly": false
    },
    {
      "brand": "Woolworths",
      "productName": "Woolworths Beef Porterhouse Steak 300g",
      "category": "Meat, Seafood & Deli",
      "imageURL": "https://cdn0.woolworths.media/content/wowproductimages/medium/082225.jpg",
      "discountedPrice": 12,
      "originalPrice": 13,
      "percent": 8,
      "savings": 1,
      "unitPrice": " $40.00 / 1KG ",
      "onlineOnly": true
    },
    {
      "brand": "Woolworths",
      "productName": "Woolworths Cook Stir Fry Kit Chinese Bbq Pork Char Siu With Veges 400g",
      "category": "Meat, Seafood & Deli",
      "imageURL": "https://cdn0.woolworths.media/content/wowproductimages/medium/082735.jpg",
      "discountedPrice": 7,
      "originalPrice": 8,
      "percent": 13,
      "savings": 1,
      "unitPrice": " $1.75 / 100G ",
      "onlineOnly": false
    },
    {
      "brand": "Woolworths",
      "productName": "Woolworths Cook Stir Fry Kit Teriyaki Beef Strips With Veges 400g",
      "category": "Meat, Seafood & Deli",
      "imageURL": "https://cdn0.woolworths.media/content/wowproductimages/medium/083156.jpg",
      "discountedPrice": 7,
      "originalPrice": 8,
      "percent": 13,
      "savings": 1,
      "unitPrice": " $17.50 / 1KG ",
      "onlineOnly": false
    },
    {
      "brand": "Woolworths",
      "productName": "Woolworths Cook Stir Fry Kit Honey Soy Chicken With Veges 400g",
      "category": "Meat, Seafood & Deli",
      "imageURL": "https://cdn0.woolworths.media/content/wowproductimages/medium/083167.jpg",
      "discountedPrice": 7,
      "originalPrice": 8,
      "percent": 13,
      "savings": 1,
      "unitPrice": " $17.50 / 1KG ",
      "onlineOnly": false
    },
    {
      "brand": "Woolworths",
      "productName": "Woolworths Cook Stir Fry Kit Sweet & Sour Pork With Vegetables 400g",
      "category": "Meat, Seafood & Deli",
      "imageURL": "https://cdn0.woolworths.media/content/wowproductimages/medium/083538.jpg",
      "discountedPrice": 7,
      "originalPrice": 8,
      "percent": 13,
      "savings": 1,
      "unitPrice": " $17.50 / 1KG ",
      "onlineOnly": false
    },
    {
      "brand": "Woolworths",
      "productName": "The Free Ranger Free Range Chicken Thigh Fillets 450g - 550g",
      "category": "Meat, Seafood & Deli",
      "imageURL": "https://cdn0.woolworths.media/content/wowproductimages/medium/088773.jpg",
      "discountedPrice": 9.08,
      "originalPrice": 9.9,
      "percent": 8,
      "savings": 0.82,
      "unitPrice": " $16.50 / 1KG ",
      "onlineOnly": false
    },
    {
      "brand": "Woolworths",
      "productName": "Goolwa Pipico Whole Clam Chowder 575g",
      "category": "Meat, Seafood & Deli",
      "imageURL": "https://cdn0.woolworths.media/content/wowproductimages/medium/091090.jpg",
      "discountedPrice": 8,
      "originalPrice": 9,
      "percent": 11,
      "savings": 1,
      "unitPrice": " $13.91 / 1KG ",
      "onlineOnly": false
    },
    {
      "brand": "Woolworths",
      "productName": "The Smokeman Brothers Flame Grilled Chimichurri Beef Steak 400g",
      "category": "Meat, Seafood & Deli",
      "imageURL": "https://cdn0.woolworths.media/content/wowproductimages/medium/094127.jpg",
      "discountedPrice": 10,
      "originalPrice": 12,
      "percent": 17,
      "savings": 2,
      "unitPrice": " $2.50 / 100G ",
      "onlineOnly": false
    },
    {
      "brand": "Woolworths",
      "productName": "Mifroma Emmental 140g",
      "category": "Meat, Seafood & Deli",
      "imageURL": "https://cdn0.woolworths.media/content/wowproductimages/medium/096488.jpg",
      "discountedPrice": 7.9,
      "originalPrice": 9.9,
      "percent": 20,
      "savings": 2,
      "unitPrice": " $56.43 / 1KG ",
      "onlineOnly": false
    },
    {
      "brand": "Woolworths",
      "productName": "Mersey Valley Jalapeno Cheese 235g",
      "category": "Meat, Seafood & Deli",
      "imageURL": "https://cdn0.woolworths.media/content/wowproductimages/medium/099054.jpg",
      "discountedPrice": 5.5,
      "originalPrice": 7.9,
      "percent": 30,
      "savings": 2.4,
      "unitPrice": " $23.40 / 1KG ",
      "onlineOnly": false
    },
    {
      "brand": "Woolworths",
      "productName": "Hans Danish Salami Knobs 200g",
      "category": "Meat, Seafood & Deli",
      "imageURL": "https://cdn0.woolworths.media/content/wowproductimages/medium/099548.jpg",
      "discountedPrice": 7.3,
      "originalPrice": 8.5,
      "percent": 14,
      "savings": 1.2,
      "unitPrice": " $36.50 / 1KG ",
      "onlineOnly": false
    },
    {
      "brand": "Woolworths",
      "productName": "Hans Italian Style Antipasto 100g",
      "category": "Meat, Seafood & Deli",
      "imageURL": "https://cdn0.woolworths.media/content/wowproductimages/medium/099953.jpg",
      "discountedPrice": 6.5,
      "originalPrice": 8,
      "percent": 19,
      "savings": 1.5,
      "unitPrice": " $65.00 / 1KG ",
      "onlineOnly": false
    },
    {
      "brand": "Woolworths",
      "productName": "Hans Mild Hungarian Salami Knobs 200g",
      "category": "Meat, Seafood & Deli",
      "imageURL": "https://cdn0.woolworths.media/content/wowproductimages/medium/104672.jpg",
      "discountedPrice": 7.3,
      "originalPrice": 8.5,
      "percent": 14,
      "savings": 1.2,
      "unitPrice": " $36.50 / 1KG ",
      "onlineOnly": false
    },
    {
      "brand": "Woolworths",
      "productName": "K-roo Kangaroo Steak Marinated 450g - 700g",
      "category": "Meat, Seafood & Deli",
      "imageURL": "https://cdn0.woolworths.media/content/wowproductimages/medium/117132.jpg",
      "discountedPrice": 13.5,
      "originalPrice": 15,
      "percent": 10,
      "savings": 1.5,
      "unitPrice": " $18.00 / 1KG ",
      "onlineOnly": false
    },
    {
      "brand": "Woolworths",
      "productName": "Meredith Dairy Goat Cheese In Olive Oil 320g",
      "category": "Meat, Seafood & Deli",
      "imageURL": "https://cdn0.woolworths.media/content/wowproductimages/medium/135884.jpg",
      "discountedPrice": 11.5,
      "originalPrice": 12.99,
      "percent": 11,
      "savings": 1.49,
      "unitPrice": " $35.94 / 1KG ",
      "onlineOnly": false
    },
    {
      "brand": "Woolworths",
      "productName": "Tasmanian Heritage Camembert Cheese 250g",
      "category": "Meat, Seafood & Deli",
      "imageURL": "https://cdn0.woolworths.media/content/wowproductimages/medium/155990.jpg",
      "discountedPrice": 5.9,
      "originalPrice": 11.8,
      "percent": 50,
      "savings": 5.9,
      "unitPrice": " $23.60 / 1KG ",
      "onlineOnly": false
    },
    {
      "brand": "Woolworths",
      "productName": "Lemnos Traditional Fetta 180g",
      "category": "Meat, Seafood & Deli",
      "imageURL": "https://cdn0.woolworths.media/content/wowproductimages/medium/162581.jpg",
      "discountedPrice": 3.8,
      "originalPrice": 4.5,
      "percent": 16,
      "savings": 0.7,
      "unitPrice": " $21.11 / 1KG ",
      "onlineOnly": false
    },
    {
      "brand": "Woolworths",
      "productName": "D'orsogna Triple Smoked Leg Ham 97% Fat Free Sliced From The Deli per kg",
      "category": "Meat, Seafood & Deli",
      "imageURL": "https://cdn0.woolworths.media/content/wowproductimages/medium/162725.jpg",
      "discountedPrice": 19,
      "originalPrice": 22,
      "percent": 14,
      "savings": 3,
      "unitPrice": " $19.00 / 1KG ",
      "onlineOnly": false
    },
    {
      "brand": "Woolworths",
      "productName": "D'orsogna Triple Smoked Leg Ham 97% Fat Free Shaved From The Deli per kg",
      "category": "Meat, Seafood & Deli",
      "imageURL": "https://cdn0.woolworths.media/content/wowproductimages/medium/175734.jpg",
      "discountedPrice": 19,
      "originalPrice": 22,
      "percent": 14,
      "savings": 3,
      "unitPrice": " $19.00 / 1KG ",
      "onlineOnly": false
    },
    {
      "brand": "Woolworths",
      "productName": "Ingham's Chicken Portion Pieces Gourmet Roasting 1.5kg - 2kg",
      "category": "Meat, Seafood & Deli",
      "imageURL": "https://cdn0.woolworths.media/content/wowproductimages/medium/178774.jpg",
      "discountedPrice": 13.8,
      "originalPrice": 17,
      "percent": 19,
      "savings": 3.2,
      "unitPrice": " $6.90 / 1KG ",
      "onlineOnly": false
    },
    {
      "brand": "Woolworths",
      "productName": "Primo Frankfurts Slim 1kg",
      "category": "Meat, Seafood & Deli",
      "imageURL": "https://cdn0.woolworths.media/content/wowproductimages/medium/185280.jpg",
      "discountedPrice": 6,
      "originalPrice": 6.5,
      "percent": 8,
      "savings": 0.5,
      "unitPrice": " $6.00 / 1KG ",
      "onlineOnly": false
    },
    {
      "brand": "Woolworths",
      "productName": "Primo Cocktail Frankfurts Cocktail 1kg",
      "category": "Meat, Seafood & Deli",
      "imageURL": "https://cdn0.woolworths.media/content/wowproductimages/medium/185410.jpg",
      "discountedPrice": 6,
      "originalPrice": 6.5,
      "percent": 8,
      "savings": 0.5,
      "unitPrice": " $6.00 / 1KG ",
      "onlineOnly": false
    },
    {
      "brand": "Woolworths",
      "productName": "Ingham's Quick Cook Crumbed Chicken & Cheese Schnitzel 1.5kg",
      "category": "Meat, Seafood & Deli",
      "imageURL": "https://cdn0.woolworths.media/content/wowproductimages/medium/200392.jpg",
      "discountedPrice": 10,
      "originalPrice": 15.5,
      "percent": 35,
      "savings": 5.5,
      "unitPrice": " $6.67 / 1KG ",
      "onlineOnly": false
    },
    {
      "brand": "Woolworths",
      "productName": "Mersey Valley Original Spreadable Cheddar Cheese 150g",
      "category": "Meat, Seafood & Deli",
      "imageURL": "https://cdn0.woolworths.media/content/wowproductimages/medium/206493.jpg",
      "discountedPrice": 3.7,
      "originalPrice": 4.2,
      "percent": 12,
      "savings": 0.5,
      "unitPrice": " $24.67 / 1KG ",
      "onlineOnly": false
    },
    {
      "brand": "Woolworths",
      "productName": "Lemnos Smooth Fetta Cheese 200g",
      "category": "Meat, Seafood & Deli",
      "imageURL": "https://cdn0.woolworths.media/content/wowproductimages/medium/211134.jpg",
      "discountedPrice": 3.8,
      "originalPrice": 4.5,
      "percent": 16,
      "savings": 0.7,
      "unitPrice": " $19.00 / 1KG ",
      "onlineOnly": false
    },
    {
      "brand": "Woolworths",
      "productName": "Primo Kransky Cheese From The Deli per kg",
      "category": "Meat, Seafood & Deli",
      "imageURL": "https://cdn0.woolworths.media/content/wowproductimages/medium/217404.jpg",
      "discountedPrice": 13,
      "originalPrice": 17,
      "percent": 24,
      "savings": 4,
      "unitPrice": " $13.00 / 1KG ",
      "onlineOnly": false
    },
    {
      "brand": "Woolworths",
      "productName": "Primo Short Cut Bacon 750g",
      "category": "Meat, Seafood & Deli",
      "imageURL": "https://cdn0.woolworths.media/content/wowproductimages/medium/235782.jpg",
      "discountedPrice": 7.5,
      "originalPrice": 15,
      "percent": 50,
      "savings": 7.5,
      "unitPrice": " $10.00 / 1KG ",
      "onlineOnly": false
    },
    {
      "brand": "Woolworths",
      "productName": "Mersey Valley Peppercorn Medley Cheddar Cheese 235g",
      "category": "Meat, Seafood & Deli",
      "imageURL": "https://cdn0.woolworths.media/content/wowproductimages/medium/244154.jpg",
      "discountedPrice": 5.5,
      "originalPrice": 7.9,
      "percent": 30,
      "savings": 2.4,
      "unitPrice": " $23.40 / 1KG ",
      "onlineOnly": false
    },
    {
      "brand": "Woolworths",
      "productName": "Mersey Valley Classic Cheddar Cheese 235g",
      "category": "Meat, Seafood & Deli",
      "imageURL": "https://cdn0.woolworths.media/content/wowproductimages/medium/244191.jpg",
      "discountedPrice": 5.5,
      "originalPrice": 7.9,
      "percent": 30,
      "savings": 2.4,
      "unitPrice": " $23.40 / 1KG ",
      "onlineOnly": false
    },
    {
      "brand": "Woolworths",
      "productName": "Mersey Valley Ploughmans Cheddar Cheese 235g",
      "category": "Meat, Seafood & Deli",
      "imageURL": "https://cdn0.woolworths.media/content/wowproductimages/medium/244194.jpg",
      "discountedPrice": 5.5,
      "originalPrice": 7.9,
      "percent": 30,
      "savings": 2.4,
      "unitPrice": " $23.40 / 1KG ",
      "onlineOnly": false
    },
    {
      "brand": "Woolworths",
      "productName": "Mersey Valley Pickled Onion Cheddar Cheese 235g",
      "category": "Meat, Seafood & Deli",
      "imageURL": "https://cdn0.woolworths.media/content/wowproductimages/medium/250852.jpg",
      "discountedPrice": 5.5,
      "originalPrice": 7.9,
      "percent": 30,
      "savings": 2.4,
      "unitPrice": " $23.40 / 1KG ",
      "onlineOnly": false
    },
    {
      "brand": "Woolworths",
      "productName": "Mersey Valley Original Cheddar Cheese 235g",
      "category": "Meat, Seafood & Deli",
      "imageURL": "https://cdn0.woolworths.media/content/wowproductimages/medium/250854.jpg",
      "discountedPrice": 5.5,
      "originalPrice": 7.9,
      "percent": 30,
      "savings": 2.4,
      "unitPrice": " $23.40 / 1KG ",
      "onlineOnly": false
    },
    {
      "brand": "Woolworths",
      "productName": "Talley's Chilled Mussels Marinated Plain 375g",
      "category": "Meat, Seafood & Deli",
      "imageURL": "https://cdn0.woolworths.media/content/wowproductimages/medium/289769.jpg",
      "discountedPrice": 7,
      "originalPrice": 7.75,
      "percent": 10,
      "savings": 0.75,
      "unitPrice": " $18.67 / 1KG ",
      "onlineOnly": false
    },
    {
      "brand": "Woolworths",
      "productName": "Talley's Chilled Mussels Chilli 375g",
      "category": "Meat, Seafood & Deli",
      "imageURL": "https://cdn0.woolworths.media/content/wowproductimages/medium/289772.jpg",
      "discountedPrice": 7,
      "originalPrice": 7.75,
      "percent": 10,
      "savings": 0.75,
      "unitPrice": " $18.67 / 1KG ",
      "onlineOnly": false
    },
    {
      "brand": "Woolworths",
      "productName": "Talley's Chilled Mussels Marinated Garlic 375g",
      "category": "Meat, Seafood & Deli",
      "imageURL": "https://cdn0.woolworths.media/content/wowproductimages/medium/289775.jpg",
      "discountedPrice": 7,
      "originalPrice": 7.75,
      "percent": 10,
      "savings": 0.75,
      "unitPrice": " $18.67 / 1KG ",
      "onlineOnly": false
    },
    {
      "brand": "Woolworths",
      "productName": "Primo Danish Salami Mild Sliced From The Deli per kg",
      "category": "Meat, Seafood & Deli",
      "imageURL": "https://cdn0.woolworths.media/content/wowproductimages/medium/312270.jpg",
      "discountedPrice": 30,
      "originalPrice": 32,
      "percent": 6,
      "savings": 2,
      "unitPrice": " $30.00 / 1KG ",
      "onlineOnly": false
    },
    {
      "brand": "Woolworths",
      "productName": "South Cape Camembert Mini Cheese Wheel 125g",
      "category": "Meat, Seafood & Deli",
      "imageURL": "https://cdn0.woolworths.media/content/wowproductimages/medium/312703.jpg",
      "discountedPrice": 3.5,
      "originalPrice": 4,
      "percent": 13,
      "savings": 0.5,
      "unitPrice": " $28.00 / 1KG ",
      "onlineOnly": false
    },
    {
      "brand": "Woolworths",
      "productName": "South Cape Mini Brie Cheese Wheel 125g",
      "category": "Meat, Seafood & Deli",
      "imageURL": "https://cdn0.woolworths.media/content/wowproductimages/medium/312704.jpg",
      "discountedPrice": 3.5,
      "originalPrice": 4,
      "percent": 13,
      "savings": 0.5,
      "unitPrice": " $28.00 / 1KG ",
      "onlineOnly": false
    },
    {
      "brand": "Woolworths",
      "productName": "Zanetti Firm Parmigiano Reggiano 200g",
      "category": "Meat, Seafood & Deli",
      "imageURL": "https://cdn0.woolworths.media/content/wowproductimages/medium/324006.jpg",
      "discountedPrice": 10,
      "originalPrice": 11,
      "percent": 9,
      "savings": 1,
      "unitPrice": " $50.00 / 1KG ",
      "onlineOnly": false
    },
    {
      "brand": "Woolworths",
      "productName": "Margaret River Dairy Company Smoked Flavoured Club Cheddar Cheese 150g",
      "category": "Meat, Seafood & Deli",
      "imageURL": "https://cdn0.woolworths.media/content/wowproductimages/medium/331682.jpg",
      "discountedPrice": 4.5,
      "originalPrice": 6.15,
      "percent": 27,
      "savings": 1.65,
      "unitPrice": " $30.00 / 1KG ",
      "onlineOnly": false
    },
    {
      "brand": "Woolworths",
      "productName": "Margaret River Dairy Company Original Club Cheddar Cheese 150g",
      "category": "Meat, Seafood & Deli",
      "imageURL": "https://cdn0.woolworths.media/content/wowproductimages/medium/331683.jpg",
      "discountedPrice": 4.5,
      "originalPrice": 6.15,
      "percent": 27,
      "savings": 1.65,
      "unitPrice": " $30.00 / 1KG ",
      "onlineOnly": false
    },
    {
      "brand": "Woolworths",
      "productName": "Woolworths Cinnamon Scroll 2 pack",
      "category": "Bakery",
      "imageURL": "https://cdn0.woolworths.media/content/wowproductimages/medium/103022.jpg",
      "discountedPrice": 2.5,
      "originalPrice": 3,
      "percent": 17,
      "savings": 0.5,
      "unitPrice": " $1.25 / 1EA ",
      "onlineOnly": false
    },
    {
      "brand": "Woolworths",
      "productName": "Tip Top English Muffins Original 6 pack",
      "category": "Bakery",
      "imageURL": "https://cdn0.woolworths.media/content/wowproductimages/medium/046795.jpg",
      "discountedPrice": 2.5,
      "originalPrice": 5,
      "percent": 50,
      "savings": 2.5,
      "unitPrice": " $0.42 / 1EA ",
      "onlineOnly": false
    },
    {
      "brand": "Woolworths",
      "productName": "Woolworths Custard & Pink Lady Apple Scroll 2 pack",
      "category": "Bakery",
      "imageURL": "https://cdn0.woolworths.media/content/wowproductimages/medium/102723.jpg",
      "discountedPrice": 2.5,
      "originalPrice": 3,
      "percent": 17,
      "savings": 0.5,
      "unitPrice": "No unit price available",
      "onlineOnly": false
    },
    {
      "brand": "Woolworths",
      "productName": "Woolworths Spinach & Feta Scroll 2 pack",
      "category": "Bakery",
      "imageURL": "https://cdn0.woolworths.media/content/wowproductimages/medium/102386.jpg",
      "discountedPrice": 2.5,
      "originalPrice": 3,
      "percent": 17,
      "savings": 0.5,
      "unitPrice": "No unit price available",
      "onlineOnly": false
    },
    {
      "brand": "Woolworths",
      "productName": "Woolworths Melting Moments 12 pack",
      "category": "Bakery",
      "imageURL": "https://cdn0.woolworths.media/content/wowproductimages/medium/446438.jpg",
      "discountedPrice": 3.5,
      "originalPrice": 4,
      "percent": 13,
      "savings": 0.5,
      "unitPrice": " $0.29 / 1EA ",
      "onlineOnly": false
    },
    {
      "brand": "Woolworths",
      "productName": "Woolworths Banana Bread Slices 30% Less Sugar 5 pack",
      "category": "Bakery",
      "imageURL": "https://cdn0.woolworths.media/content/wowproductimages/medium/079733.jpg",
      "discountedPrice": 4.5,
      "originalPrice": 5,
      "percent": 10,
      "savings": 0.5,
      "unitPrice": " $0.90 / 100G ",
      "onlineOnly": false
    },
    {
      "brand": "Woolworths",
      "productName": "Woolworths Mini Donut Chocolate Hazelnut 3 pack",
      "category": "Bakery",
      "imageURL": "https://cdn0.woolworths.media/content/wowproductimages/medium/620695.jpg",
      "discountedPrice": 1.5,
      "originalPrice": 2,
      "percent": 25,
      "savings": 0.5,
      "unitPrice": " $0.50 / 1EA ",
      "onlineOnly": false
    },
    {
      "brand": "Woolworths",
      "productName": "Tip Top Crumpet Breaks 425g",
      "category": "Bakery",
      "imageURL": "https://cdn0.woolworths.media/content/wowproductimages/medium/109484.jpg",
      "discountedPrice": 2.5,
      "originalPrice": 3,
      "percent": 17,
      "savings": 0.5,
      "unitPrice": " $0.59 / 100G ",
      "onlineOnly": false
    },
    {
      "brand": "Woolworths",
      "productName": " Mini Chocolate Croissant 8 pack",
      "category": "Bakery",
      "imageURL": "https://cdn0.woolworths.media/content/wowproductimages/medium/517746.jpg",
      "discountedPrice": 3.5,
      "originalPrice": 4,
      "percent": 13,
      "savings": 0.5,
      "unitPrice": " $0.44 / 1EA ",
      "onlineOnly": false
    },
    {
      "brand": "Woolworths",
      "productName": "Woolworths Sliced Carrot Sultana & Walnut Loaf 500g",
      "category": "Bakery",
      "imageURL": "https://cdn0.woolworths.media/content/wowproductimages/medium/653793.jpg",
      "discountedPrice": 4.5,
      "originalPrice": 5,
      "percent": 10,
      "savings": 0.5,
      "unitPrice": " $0.90 / 100G ",
      "onlineOnly": false
    },
    {
      "brand": "Woolworths",
      "productName": "Woolworths Caramel Iced Donuts 4 pack",
      "category": "Bakery",
      "imageURL": "https://cdn0.woolworths.media/content/wowproductimages/medium/040291.jpg",
      "discountedPrice": 4.5,
      "originalPrice": 5,
      "percent": 10,
      "savings": 0.5,
      "unitPrice": " $1.13 / 1EA ",
      "onlineOnly": false
    },
    {
      "brand": "Woolworths",
      "productName": "Woolworths Jam Filled Donuts 4 pack",
      "category": "Bakery",
      "imageURL": "https://cdn0.woolworths.media/content/wowproductimages/medium/040297.jpg",
      "discountedPrice": 4.5,
      "originalPrice": 5,
      "percent": 10,
      "savings": 0.5,
      "unitPrice": " $1.13 / 1EA ",
      "onlineOnly": false
    },
    {
      "brand": "Woolworths",
      "productName": "Woolworths Mini Croissant 8 pack",
      "category": "Bakery",
      "imageURL": "https://cdn0.woolworths.media/content/wowproductimages/medium/333359.jpg",
      "discountedPrice": 3.5,
      "originalPrice": 4,
      "percent": 13,
      "savings": 0.5,
      "unitPrice": " $0.44 / 1EA ",
      "onlineOnly": false
    },
    {
      "brand": "Woolworths",
      "productName": "Country Chef Lemon & Blueberry Loaf Slices 5 pack",
      "category": "Bakery",
      "imageURL": "https://cdn0.woolworths.media/content/wowproductimages/medium/071932.jpg",
      "discountedPrice": 4.5,
      "originalPrice": 5,
      "percent": 10,
      "savings": 0.5,
      "unitPrice": " $0.90 / 100G ",
      "onlineOnly": false
    },
    {
      "brand": "Woolworths",
      "productName": "Golden Crumpet Toast 700g",
      "category": "Bakery",
      "imageURL": "https://cdn0.woolworths.media/content/wowproductimages/medium/087723.jpg",
      "discountedPrice": 3,
      "originalPrice": 5,
      "percent": 40,
      "savings": 2,
      "unitPrice": " $0.43 / 100G ",
      "onlineOnly": false
    },
    {
      "brand": "Woolworths",
      "productName": "Woolworths Mini Bread Rolls Soft Hamburger 12 pack",
      "category": "Bakery",
      "imageURL": "https://cdn0.woolworths.media/content/wowproductimages/medium/720677.jpg",
      "discountedPrice": 3.5,
      "originalPrice": 4,
      "percent": 13,
      "savings": 0.5,
      "unitPrice": " $0.29 / 1EA ",
      "onlineOnly": false
    },
    {
      "brand": "Woolworths",
      "productName": "Woolworths Mini Bread Rolls Soft Hot Dog 12 pack",
      "category": "Bakery",
      "imageURL": "https://cdn0.woolworths.media/content/wowproductimages/medium/720679.jpg",
      "discountedPrice": 3.5,
      "originalPrice": 4,
      "percent": 13,
      "savings": 0.5,
      "unitPrice": " $0.29 / 1EA ",
      "onlineOnly": false
    },
    {
      "brand": "Woolworths",
      "productName": "Woolworths Fruit Bun Iced 480g",
      "category": "Bakery",
      "imageURL": "https://cdn0.woolworths.media/content/wowproductimages/medium/897795.jpg",
      "discountedPrice": 3,
      "originalPrice": 4,
      "percent": 25,
      "savings": 1,
      "unitPrice": " $0.63 / 100G ",
      "onlineOnly": false
    },
    {
      "brand": "Woolworths",
      "productName": "Tip Top Raisin Toast 520g",
      "category": "Bakery",
      "imageURL": "https://cdn0.woolworths.media/content/wowproductimages/medium/003805.jpg",
      "discountedPrice": 3.2,
      "originalPrice": 4,
      "percent": 20,
      "savings": 0.8,
      "unitPrice": " $0.62 / 100G ",
      "onlineOnly": false
    },
    {
      "brand": "Woolworths",
      "productName": "Balconi Mix Max Spgnckes Cocoa 10 pack",
      "category": "Bakery",
      "imageURL": "https://cdn0.woolworths.media/content/wowproductimages/medium/088602.jpg",
      "discountedPrice": 4,
      "originalPrice": 5.5,
      "percent": 27,
      "savings": 1.5,
      "unitPrice": " $1.14 / 100G ",
      "onlineOnly": false
    },
    {
      "brand": "Woolworths",
      "productName": "Mighty Soft Fruit Loaf Cafe Style 600g",
      "category": "Bakery",
      "imageURL": "https://cdn0.woolworths.media/content/wowproductimages/medium/957684.jpg",
      "discountedPrice": 3,
      "originalPrice": 6,
      "percent": 50,
      "savings": 3,
      "unitPrice": " $0.50 / 100G ",
      "onlineOnly": false
    },
    {
      "brand": "Woolworths",
      "productName": "Woolworths Mini Bread Rolls Soft Lunch 12 pack",
      "category": "Bakery",
      "imageURL": "https://cdn0.woolworths.media/content/wowproductimages/medium/720678.jpg",
      "discountedPrice": 3.5,
      "originalPrice": 4,
      "percent": 13,
      "savings": 0.5,
      "unitPrice": " $0.29 / 1EA ",
      "onlineOnly": false
    },
    {
      "brand": "Woolworths",
      "productName": "Woolworths Chocolate Iced Donuts 4 pack",
      "category": "Bakery",
      "imageURL": "https://cdn0.woolworths.media/content/wowproductimages/medium/040283.jpg",
      "discountedPrice": 4.5,
      "originalPrice": 5,
      "percent": 10,
      "savings": 0.5,
      "unitPrice": " $1.13 / 1EA ",
      "onlineOnly": false
    },
    {
      "brand": "Woolworths",
      "productName": "Woolworths Strawberry Iced Donuts 4 pack",
      "category": "Bakery",
      "imageURL": "https://cdn0.woolworths.media/content/wowproductimages/medium/040285.jpg",
      "discountedPrice": 4.5,
      "originalPrice": 5,
      "percent": 10,
      "savings": 0.5,
      "unitPrice": " $1.13 / 1EA ",
      "onlineOnly": false
    },
    {
      "brand": "Woolworths",
      "productName": "Balconi Rollino Hazelnut 6 pack",
      "category": "Bakery",
      "imageURL": "https://cdn0.woolworths.media/content/wowproductimages/medium/070675.jpg",
      "discountedPrice": 2.5,
      "originalPrice": 3.75,
      "percent": 33,
      "savings": 1.25,
      "unitPrice": " $1.13 / 100G ",
      "onlineOnly": false
    },
    {
      "brand": "Woolworths",
      "productName": "Country Chef Pear & Raspberry Loaf Slices 5 pack",
      "category": "Bakery",
      "imageURL": "https://cdn0.woolworths.media/content/wowproductimages/medium/072103.jpg",
      "discountedPrice": 4.5,
      "originalPrice": 5,
      "percent": 10,
      "savings": 0.5,
      "unitPrice": " $0.90 / 100G ",
      "onlineOnly": false
    },
    {
      "brand": "Woolworths",
      "productName": "Tip Top English Muffins Wholemeal 6 pack",
      "category": "Bakery",
      "imageURL": "https://cdn0.woolworths.media/content/wowproductimages/medium/089121.jpg",
      "discountedPrice": 2.5,
      "originalPrice": 5,
      "percent": 50,
      "savings": 2.5,
      "unitPrice": " $0.42 / 1EA ",
      "onlineOnly": false
    },
    {
      "brand": "Woolworths",
      "productName": "Mighty Soft Fruity-licious Cranberry Raspberry & Spice Loaf 560g",
      "category": "Bakery",
      "imageURL": "https://cdn0.woolworths.media/content/wowproductimages/medium/094115.jpg",
      "discountedPrice": 3.2,
      "originalPrice": 6.4,
      "percent": 50,
      "savings": 3.2,
      "unitPrice": " $0.57 / 100G ",
      "onlineOnly": false
    },
    {
      "brand": "Woolworths",
      "productName": "Mighty Soft Fruity-licious Apple Fig & Caramel Loaf 560g",
      "category": "Bakery",
      "imageURL": "https://cdn0.woolworths.media/content/wowproductimages/medium/094244.jpg",
      "discountedPrice": 3.2,
      "originalPrice": 6.4,
      "percent": 50,
      "savings": 3.2,
      "unitPrice": " $0.57 / 100G ",
      "onlineOnly": false
    },
    {
      "brand": "Woolworths",
      "productName": "Crafted Range Of Sourdough Ancient Grains & Sprouted Seeds Miche each",
      "category": "Bakery",
      "imageURL": "https://cdn0.woolworths.media/content/wowproductimages/medium/097076.jpg",
      "discountedPrice": 6.5,
      "originalPrice": 7,
      "percent": 7,
      "savings": 0.5,
      "unitPrice": " $6.50 / 1EA ",
      "onlineOnly": false
    },
    {
      "brand": "Woolworths",
      "productName": "Crafted Range Of Sourdough White Loaf each",
      "category": "Bakery",
      "imageURL": "https://cdn0.woolworths.media/content/wowproductimages/medium/097077.jpg",
      "discountedPrice": 6.5,
      "originalPrice": 7,
      "percent": 7,
      "savings": 0.5,
      "unitPrice": " $6.50 / 1EA ",
      "onlineOnly": false
    },
    {
      "brand": "Woolworths",
      "productName": "Crafted Range Of Sourdough Dark Rye Loaf each",
      "category": "Bakery",
      "imageURL": "https://cdn0.woolworths.media/content/wowproductimages/medium/097078.jpg",
      "discountedPrice": 6.5,
      "originalPrice": 7,
      "percent": 7,
      "savings": 0.5,
      "unitPrice": " $6.50 / 1EA ",
      "onlineOnly": false
    },
    {
      "brand": "Woolworths",
      "productName": "Crafted Range Of Sourdough Olive Loaf each",
      "category": "Bakery",
      "imageURL": "https://cdn0.woolworths.media/content/wowproductimages/medium/097079.jpg",
      "discountedPrice": 6.5,
      "originalPrice": 7,
      "percent": 7,
      "savings": 0.5,
      "unitPrice": " $6.50 / 1EA ",
      "onlineOnly": false
    },
    {
      "brand": "Woolworths",
      "productName": "Two Spoons Peanut Butter Cup Bliss Bites 120g",
      "category": "Bakery",
      "imageURL": "https://cdn0.woolworths.media/content/wowproductimages/medium/097101.jpg",
      "discountedPrice": 2.9,
      "originalPrice": 4,
      "percent": 28,
      "savings": 1.1,
      "unitPrice": " $2.42 / 100G ",
      "onlineOnly": false
    },
    {
      "brand": "Woolworths",
      "productName": "Two Spoons Choc Hazelnut Crunch Bliss Bites 120g",
      "category": "Bakery",
      "imageURL": "https://cdn0.woolworths.media/content/wowproductimages/medium/097460.jpg",
      "discountedPrice": 2.9,
      "originalPrice": 4,
      "percent": 28,
      "savings": 1.1,
      "unitPrice": " $2.42 / 100G ",
      "onlineOnly": false
    },
    {
      "brand": "Woolworths",
      "productName": "Hedy's Quiche Lorraine 1.1kg",
      "category": "Bakery",
      "imageURL": "https://cdn0.woolworths.media/content/wowproductimages/medium/162880.jpg",
      "discountedPrice": 11.5,
      "originalPrice": 13.5,
      "percent": 15,
      "savings": 2,
      "unitPrice": " $1.05 / 100G ",
      "onlineOnly": true
    },
    {
      "brand": "Woolworths",
      "productName": "Balconi Roll Cacao 6 pack",
      "category": "Bakery",
      "imageURL": "https://cdn0.woolworths.media/content/wowproductimages/medium/261538.jpg",
      "discountedPrice": 2.5,
      "originalPrice": 3.75,
      "percent": 33,
      "savings": 1.25,
      "unitPrice": " $1.13 / 100G ",
      "onlineOnly": false
    },
    {
      "brand": "Woolworths",
      "productName": "Woolworths Red Velvet Cake 400g",
      "category": "Bakery",
      "imageURL": "https://cdn0.woolworths.media/content/wowproductimages/medium/510738.jpg",
      "discountedPrice": 6.5,
      "originalPrice": 7,
      "percent": 7,
      "savings": 0.5,
      "unitPrice": " $1.63 / 100G ",
      "onlineOnly": false
    },
    {
      "brand": "Woolworths",
      "productName": "Woolworths Salted Caramel Cake 400g",
      "category": "Bakery",
      "imageURL": "https://cdn0.woolworths.media/content/wowproductimages/medium/510739.jpg",
      "discountedPrice": 6.5,
      "originalPrice": 7,
      "percent": 7,
      "savings": 0.5,
      "unitPrice": " $1.63 / 100G ",
      "onlineOnly": false
    },
    {
      "brand": "Woolworths",
      "productName": "Woolworths Indulgent Chocolate Cake 400g",
      "category": "Bakery",
      "imageURL": "https://cdn0.woolworths.media/content/wowproductimages/medium/510930.jpg",
      "discountedPrice": 6.5,
      "originalPrice": 7,
      "percent": 7,
      "savings": 0.5,
      "unitPrice": " $1.63 / 100G ",
      "onlineOnly": false
    },
    {
      "brand": "Woolworths",
      "productName": "Woolworths Zucchini Slice Chilled Meal 700g",
      "category": "Bakery",
      "imageURL": "https://cdn0.woolworths.media/content/wowproductimages/medium/572265.jpg",
      "discountedPrice": 11.49,
      "originalPrice": 12.49,
      "percent": 8,
      "savings": 1,
      "unitPrice": " $1.64 / 100G ",
      "onlineOnly": false
    },
    {
      "brand": "Woolworths",
      "productName": "Hedy's Quiche Spinach & Feta 1.1kg",
      "category": "Bakery",
      "imageURL": "https://cdn0.woolworths.media/content/wowproductimages/medium/669044.jpg",
      "discountedPrice": 11.5,
      "originalPrice": 13.5,
      "percent": 15,
      "savings": 2,
      "unitPrice": " $1.05 / 100G ",
      "onlineOnly": true
    },
    {
      "brand": "Woolworths",
      "productName": "Toscano French Croissants 240g x6 pack",
      "category": "Bakery",
      "imageURL": "https://cdn0.woolworths.media/content/wowproductimages/medium/684682.jpg",
      "discountedPrice": 3.5,
      "originalPrice": 4.5,
      "percent": 22,
      "savings": 1,
      "unitPrice": " $0.58 / 1EA ",
      "onlineOnly": false
    },
    {
      "brand": "Woolworths",
      "productName": "Wonder White Hi Fibre Soft Wraps 6 pack",
      "category": "Bakery",
      "imageURL": "https://cdn0.woolworths.media/content/wowproductimages/medium/738639.jpg",
      "discountedPrice": 3.3,
      "originalPrice": 4,
      "percent": 18,
      "savings": 0.7,
      "unitPrice": " $1.06 / 100G ",
      "onlineOnly": false
    },
    {
      "brand": "Woolworths",
      "productName": "Woolworths Quiche Lorraine 700g",
      "category": "Bakery",
      "imageURL": "https://cdn0.woolworths.media/content/wowproductimages/medium/767976.jpg",
      "discountedPrice": 11.49,
      "originalPrice": 12.49,
      "percent": 8,
      "savings": 1,
      "unitPrice": " $1.64 / 100G ",
      "onlineOnly": false
    },
    {
      "brand": "Woolworths",
      "productName": "Tip Top Pizza Bases White 12 Inch 2 pack",
      "category": "Bakery",
      "imageURL": "https://cdn0.woolworths.media/content/wowproductimages/medium/856990.jpg",
      "discountedPrice": 3,
      "originalPrice": 6,
      "percent": 50,
      "savings": 3,
      "unitPrice": " $0.68 / 100G ",
      "onlineOnly": false
    },
    {
      "brand": "Woolworths",
      "productName": "Tip Top Pizza Bases Wholemeal 12 Inch 2 pack",
      "category": "Bakery",
      "imageURL": "https://cdn0.woolworths.media/content/wowproductimages/medium/856994.jpg",
      "discountedPrice": 3,
      "originalPrice": 6,
      "percent": 50,
      "savings": 3,
      "unitPrice": " $0.68 / 100G ",
      "onlineOnly": false
    },
    {
      "brand": "Woolworths",
      "productName": "Great Temptations Gluten Free Orange & Poppy Seed Muffins 4 pack",
      "category": "Bakery",
      "imageURL": "https://cdn0.woolworths.media/content/wowproductimages/medium/094173.jpg",
      "discountedPrice": 4,
      "originalPrice": 5,
      "percent": 20,
      "savings": 1,
      "unitPrice": " $2.22 / 100G ",
      "onlineOnly": false
    },
    {
      "brand": "Woolworths",
      "productName": "Great Temptations Gluten Free Double Choc Chip Muffins 4 pack",
      "category": "Bakery",
      "imageURL": "https://cdn0.woolworths.media/content/wowproductimages/medium/094491.jpg",
      "discountedPrice": 4,
      "originalPrice": 5,
      "percent": 20,
      "savings": 1,
      "unitPrice": " $2.22 / 100G ",
      "onlineOnly": false
    },
    {
      "brand": "Woolworths",
      "productName": "Woolworths Bread Rolls Entertainer 450g",
      "category": "Bakery",
      "imageURL": "https://cdn0.woolworths.media/content/wowproductimages/medium/253637.jpg",
      "discountedPrice": 3.5,
      "originalPrice": 4,
      "percent": 13,
      "savings": 0.5,
      "unitPrice": " $0.29 / 1EA ",
      "onlineOnly": false
    },
    {
      "brand": "Woolworths",
      "productName": "Coon Cheese Slices Tasty Light 250g",
      "category": "Dairy, Eggs & Fridge",
      "imageURL": "https://cdn0.woolworths.media/content/wowproductimages/medium/007751.jpg",
      "discountedPrice": 4.5,
      "originalPrice": 6,
      "percent": 25,
      "savings": 1.5,
      "unitPrice": " $18.00 / 1KG ",
      "onlineOnly": false
    },
    {
      "brand": "Woolworths",
      "productName": "Oak Vanilla Malt Milk 600ml",
      "category": "Dairy, Eggs & Fridge",
      "imageURL": "https://cdn0.woolworths.media/content/wowproductimages/medium/009537.jpg",
      "discountedPrice": 2.3,
      "originalPrice": 3.15,
      "percent": 27,
      "savings": 0.85,
      "unitPrice": " $3.83 / 1L ",
      "onlineOnly": false
    },
    {
      "brand": "Woolworths",
      "productName": "Darikay Tomato Soup 550g",
      "category": "Dairy, Eggs & Fridge",
      "imageURL": "https://cdn0.woolworths.media/content/wowproductimages/medium/011947.jpg",
      "discountedPrice": 5.75,
      "originalPrice": 6.5,
      "percent": 12,
      "savings": 0.75,
      "unitPrice": " $1.05 / 100G ",
      "onlineOnly": false
    },
    {
      "brand": "Woolworths",
      "productName": "Mersey Valley Cheddar Cheese Smoky Bacon Flavour 235g",
      "category": "Dairy, Eggs & Fridge",
      "imageURL": "https://cdn0.woolworths.media/content/wowproductimages/medium/016490.jpg",
      "discountedPrice": 5.5,
      "originalPrice": 7.9,
      "percent": 30,
      "savings": 2.4,
      "unitPrice": " $23.40 / 1KG ",
      "onlineOnly": false
    },
    {
      "brand": "Woolworths",
      "productName": "Dairyworks Tasty Block 500g",
      "category": "Dairy, Eggs & Fridge",
      "imageURL": "https://cdn0.woolworths.media/content/wowproductimages/medium/017280.jpg",
      "discountedPrice": 6,
      "originalPrice": 6.5,
      "percent": 8,
      "savings": 0.5,
      "unitPrice": " $12.00 / 1KG ",
      "onlineOnly": false
    },
    {
      "brand": "Woolworths",
      "productName": "Dairyworks Tasty Cheese Grated 500g",
      "category": "Dairy, Eggs & Fridge",
      "imageURL": "https://cdn0.woolworths.media/content/wowproductimages/medium/017497.jpg",
      "discountedPrice": 6,
      "originalPrice": 7,
      "percent": 14,
      "savings": 1,
      "unitPrice": " $12.00 / 1KG ",
      "onlineOnly": false
    },
    {
      "brand": "Woolworths",
      "productName": "Castello Cream Cheese Chive & Spring Onion 125g",
      "category": "Dairy, Eggs & Fridge",
      "imageURL": "https://cdn0.woolworths.media/content/wowproductimages/medium/033775.jpg",
      "discountedPrice": 4,
      "originalPrice": 5,
      "percent": 20,
      "savings": 1,
      "unitPrice": " $32.00 / 1KG ",
      "onlineOnly": false
    },
    {
      "brand": "Woolworths",
      "productName": "Castello Tropical Fruit And Almond Cream Cheese 125g",
      "category": "Dairy, Eggs & Fridge",
      "imageURL": "https://cdn0.woolworths.media/content/wowproductimages/medium/033782.jpg",
      "discountedPrice": 4,
      "originalPrice": 5,
      "percent": 20,
      "savings": 1,
      "unitPrice": " $32.00 / 1KG ",
      "onlineOnly": false
    },
    {
      "brand": "Woolworths",
      "productName": "Arnott's Cruskits Original 125g",
      "category": "Dairy, Eggs & Fridge",
      "imageURL": "https://cdn0.woolworths.media/content/wowproductimages/medium/036059.jpg",
      "discountedPrice": 2.5,
      "originalPrice": 3.5,
      "percent": 29,
      "savings": 1,
      "unitPrice": " $2.00 / 100G ",
      "onlineOnly": false
    },
    {
      "brand": "Woolworths",
      "productName": "Australia's Own Like Milk Unsweetened 1l",
      "category": "Dairy, Eggs & Fridge",
      "imageURL": "https://cdn0.woolworths.media/content/wowproductimages/medium/039482.jpg",
      "discountedPrice": 2.4,
      "originalPrice": 4,
      "percent": 40,
      "savings": 1.6,
      "unitPrice": " $2.40 / 1L ",
      "onlineOnly": false
    },
    {
      "brand": "Woolworths",
      "productName": "Dare Espresso Iced Coffee 500ml",
      "category": "Dairy, Eggs & Fridge",
      "imageURL": "https://cdn0.woolworths.media/content/wowproductimages/medium/040284.jpg",
      "discountedPrice": 2.6,
      "originalPrice": 3.5,
      "percent": 26,
      "savings": 0.9,
      "unitPrice": " $5.20 / 1L ",
      "onlineOnly": false
    },
    {
      "brand": "Woolworths",
      "productName": "Cracker Barrel Block Extra Sharp 500g",
      "category": "Dairy, Eggs & Fridge",
      "imageURL": "https://cdn0.woolworths.media/content/wowproductimages/medium/046024.jpg",
      "discountedPrice": 8,
      "originalPrice": 10.3,
      "percent": 22,
      "savings": 2.3,
      "unitPrice": " $16.00 / 1KG ",
      "onlineOnly": false
    },
    {
      "brand": "Woolworths",
      "productName": "Flora Margarine Spread Original 1kg",
      "category": "Dairy, Eggs & Fridge",
      "imageURL": "https://cdn0.woolworths.media/content/wowproductimages/medium/048293.jpg",
      "discountedPrice": 3.5,
      "originalPrice": 4.5,
      "percent": 22,
      "savings": 1,
      "unitPrice": " $0.35 / 100G ",
      "onlineOnly": false
    },
    {
      "brand": "Woolworths",
      "productName": "Oak Chocolate Milk 600ml",
      "category": "Dairy, Eggs & Fridge",
      "imageURL": "https://cdn0.woolworths.media/content/wowproductimages/medium/048728.jpg",
      "discountedPrice": 2.3,
      "originalPrice": 3.15,
      "percent": 27,
      "savings": 0.85,
      "unitPrice": " $3.83 / 1L ",
      "onlineOnly": false
    },
    {
      "brand": "Woolworths",
      "productName": "Oak Strawberry Flavoured Milk 600ml",
      "category": "Dairy, Eggs & Fridge",
      "imageURL": "https://cdn0.woolworths.media/content/wowproductimages/medium/048729.jpg",
      "discountedPrice": 2.3,
      "originalPrice": 3.15,
      "percent": 27,
      "savings": 0.85,
      "unitPrice": " $3.83 / 1L ",
      "onlineOnly": false
    },
    {
      "brand": "Woolworths",
      "productName": "Divine Classic Creme Caramel 2x150g",
      "category": "Dairy, Eggs & Fridge",
      "imageURL": "https://cdn0.woolworths.media/content/wowproductimages/medium/048765.jpg",
      "discountedPrice": 2.5,
      "originalPrice": 2.9,
      "percent": 14,
      "savings": 0.4,
      "unitPrice": " $0.83 / 100G ",
      "onlineOnly": false
    },
    {
      "brand": "Woolworths",
      "productName": "Castello Blue Cheese Creamy 150g",
      "category": "Dairy, Eggs & Fridge",
      "imageURL": "https://cdn0.woolworths.media/content/wowproductimages/medium/048824.jpg",
      "discountedPrice": 5.5,
      "originalPrice": 6,
      "percent": 8,
      "savings": 0.5,
      "unitPrice": " $36.67 / 1KG ",
      "onlineOnly": false
    },
    {
      "brand": "Woolworths",
      "productName": "Castello Brie Double Cream 150g",
      "category": "Dairy, Eggs & Fridge",
      "imageURL": "https://cdn0.woolworths.media/content/wowproductimages/medium/048920.jpg",
      "discountedPrice": 5.5,
      "originalPrice": 6,
      "percent": 8,
      "savings": 0.5,
      "unitPrice": " $36.67 / 1KG ",
      "onlineOnly": false
    },
    {
      "brand": "Woolworths",
      "productName": "Pura Double Cream 300ml",
      "category": "Dairy, Eggs & Fridge",
      "imageURL": "https://cdn0.woolworths.media/content/wowproductimages/medium/049949.jpg",
      "discountedPrice": 5.5,
      "originalPrice": 6.15,
      "percent": 11,
      "savings": 0.65,
      "unitPrice": " $1.83 / 100ML ",
      "onlineOnly": false
    },
    {
      "brand": "Woolworths",
      "productName": "Woolworths Beef Rendang 400g",
      "category": "Dairy, Eggs & Fridge",
      "imageURL": "https://cdn0.woolworths.media/content/wowproductimages/medium/051728.jpg",
      "discountedPrice": 8,
      "originalPrice": 9,
      "percent": 11,
      "savings": 1,
      "unitPrice": " $2.00 / 100G ",
      "onlineOnly": false
    },
    {
      "brand": "Woolworths",
      "productName": "Woolworths South Indian Curry 400g",
      "category": "Dairy, Eggs & Fridge",
      "imageURL": "https://cdn0.woolworths.media/content/wowproductimages/medium/051729.jpg",
      "discountedPrice": 8,
      "originalPrice": 9,
      "percent": 11,
      "savings": 1,
      "unitPrice": " $2.00 / 100G ",
      "onlineOnly": false
    },
    {
      "brand": "Woolworths",
      "productName": "Woolworths Chicken Red Thai Curry 400g",
      "category": "Dairy, Eggs & Fridge",
      "imageURL": "https://cdn0.woolworths.media/content/wowproductimages/medium/051730.jpg",
      "discountedPrice": 8,
      "originalPrice": 9,
      "percent": 11,
      "savings": 1,
      "unitPrice": " $2.00 / 100G ",
      "onlineOnly": false
    },
    {
      "brand": "Woolworths",
      "productName": "Woolworths Butter Chicken 400g",
      "category": "Dairy, Eggs & Fridge",
      "imageURL": "https://cdn0.woolworths.media/content/wowproductimages/medium/053733.jpg",
      "discountedPrice": 8,
      "originalPrice": 9,
      "percent": 11,
      "savings": 1,
      "unitPrice": " $2.00 / 100G ",
      "onlineOnly": false
    },
    {
      "brand": "Woolworths",
      "productName": "Lewis Road Creamery Grass Fed Butter Salted 227g",
      "category": "Dairy, Eggs & Fridge",
      "imageURL": "https://cdn0.woolworths.media/content/wowproductimages/medium/055995.jpg",
      "discountedPrice": 4,
      "originalPrice": 6,
      "percent": 33,
      "savings": 2,
      "unitPrice": " $1.76 / 100G ",
      "onlineOnly": false
    },
    {
      "brand": "Woolworths",
      "productName": "Lewis Road Creamery Grass Fed Butter Unsalted 227g",
      "category": "Dairy, Eggs & Fridge",
      "imageURL": "https://cdn0.woolworths.media/content/wowproductimages/medium/055997.jpg",
      "discountedPrice": 4,
      "originalPrice": 6,
      "percent": 33,
      "savings": 2,
      "unitPrice": " $1.76 / 100G ",
      "onlineOnly": false
    },
    {
      "brand": "Woolworths",
      "productName": "Siggi's Skyr Yoghurt Pouch Mango 150g",
      "category": "Dairy, Eggs & Fridge",
      "imageURL": "https://cdn0.woolworths.media/content/wowproductimages/medium/059935.jpg",
      "discountedPrice": 1.5,
      "originalPrice": 2.5,
      "percent": 40,
      "savings": 1,
      "unitPrice": " $1.00 / 100G ",
      "onlineOnly": false
    },
    {
      "brand": "Woolworths",
      "productName": "Yoplait Yoghurt Smoothie Mixed Berry 300g",
      "category": "Dairy, Eggs & Fridge",
      "imageURL": "https://cdn0.woolworths.media/content/wowproductimages/medium/060044.jpg",
      "discountedPrice": 2,
      "originalPrice": 3,
      "percent": 33,
      "savings": 1,
      "unitPrice": " $0.67 / 100G ",
      "onlineOnly": false
    },
    {
      "brand": "Woolworths",
      "productName": "Flora Plant Based Lightly Salted Butter 250g",
      "category": "Dairy, Eggs & Fridge",
      "imageURL": "https://cdn0.woolworths.media/content/wowproductimages/medium/060394.jpg",
      "discountedPrice": 2,
      "originalPrice": 3,
      "percent": 33,
      "savings": 1,
      "unitPrice": " $0.80 / 100G ",
      "onlineOnly": false
    },
    {
      "brand": "Woolworths",
      "productName": "Danone Yopro Dairy Free Mango Coconut 150g",
      "category": "Dairy, Eggs & Fridge",
      "imageURL": "https://cdn0.woolworths.media/content/wowproductimages/medium/060397.jpg",
      "discountedPrice": 2.5,
      "originalPrice": 3.5,
      "percent": 29,
      "savings": 1,
      "unitPrice": " $1.67 / 100G ",
      "onlineOnly": false
    },
    {
      "brand": "Woolworths",
      "productName": "Yoplait Forme Zero French Vanilla Yoghurts 6 pack",
      "category": "Dairy, Eggs & Fridge",
      "imageURL": "https://cdn0.woolworths.media/content/wowproductimages/medium/060398.jpg",
      "discountedPrice": 4,
      "originalPrice": 5,
      "percent": 20,
      "savings": 1,
      "unitPrice": " $0.42 / 100G ",
      "onlineOnly": false
    },
    {
      "brand": "Woolworths",
      "productName": "Yoplait Berry Punnet Mixed Yoghurts 6 pack",
      "category": "Dairy, Eggs & Fridge",
      "imageURL": "https://cdn0.woolworths.media/content/wowproductimages/medium/060598.jpg",
      "discountedPrice": 4,
      "originalPrice": 5,
      "percent": 20,
      "savings": 1,
      "unitPrice": " $0.42 / 100G ",
      "onlineOnly": false
    },
    {
      "brand": "Woolworths",
      "productName": "The Collective Kefir Raspberry Acai 150g",
      "category": "Dairy, Eggs & Fridge",
      "imageURL": "https://cdn0.woolworths.media/content/wowproductimages/medium/060935.jpg",
      "discountedPrice": 2,
      "originalPrice": 2.5,
      "percent": 20,
      "savings": 0.5,
      "unitPrice": " $1.33 / 100G ",
      "onlineOnly": false
    },
    {
      "brand": "Woolworths",
      "productName": "Yoplait Classics Mixed Yoghurts 6 pack",
      "category": "Dairy, Eggs & Fridge",
      "imageURL": "https://cdn0.woolworths.media/content/wowproductimages/medium/060997.jpg",
      "discountedPrice": 4,
      "originalPrice": 5,
      "percent": 20,
      "savings": 1,
      "unitPrice": " $0.42 / 100G ",
      "onlineOnly": false
    },
    {
      "brand": "Woolworths",
      "productName": "Yoplait Yoghurt Smoothie Mango & Peach 300g",
      "category": "Dairy, Eggs & Fridge",
      "imageURL": "https://cdn0.woolworths.media/content/wowproductimages/medium/061009.jpg",
      "discountedPrice": 2,
      "originalPrice": 3,
      "percent": 33,
      "savings": 1,
      "unitPrice": " $0.67 / 100G ",
      "onlineOnly": false
    },
    {
      "brand": "Woolworths",
      "productName": "So Delicious Dairy Free Cashew Yoghurt Salted Caramel 150g",
      "category": "Dairy, Eggs & Fridge",
      "imageURL": "https://cdn0.woolworths.media/content/wowproductimages/medium/061143.jpg",
      "discountedPrice": 3,
      "originalPrice": 3.5,
      "percent": 14,
      "savings": 0.5,
      "unitPrice": " $2.00 / 100G ",
      "onlineOnly": false
    },
    {
      "brand": "Woolworths",
      "productName": "Gippsland Dairy Strawberries & Cream Yoghurt 720g",
      "category": "Dairy, Eggs & Fridge",
      "imageURL": "https://cdn0.woolworths.media/content/wowproductimages/medium/062069.jpg",
      "discountedPrice": 5.5,
      "originalPrice": 7,
      "percent": 21,
      "savings": 1.5,
      "unitPrice": " $0.76 / 100G ",
      "onlineOnly": false
    },
    {
      "brand": "Woolworths",
      "productName": "Siggi's Skyr Yoghurt Pouch Blueberry 150g",
      "category": "Dairy, Eggs & Fridge",
      "imageURL": "https://cdn0.woolworths.media/content/wowproductimages/medium/062145.jpg",
      "discountedPrice": 1.5,
      "originalPrice": 2.5,
      "percent": 40,
      "savings": 1,
      "unitPrice": " $1.00 / 100G ",
      "onlineOnly": false
    },
    {
      "brand": "Woolworths",
      "productName": "Yoplait Yoghurt Smoothie Strawberry & Banana 300g",
      "category": "Dairy, Eggs & Fridge",
      "imageURL": "https://cdn0.woolworths.media/content/wowproductimages/medium/062146.jpg",
      "discountedPrice": 2,
      "originalPrice": 3,
      "percent": 33,
      "savings": 1,
      "unitPrice": " $0.67 / 100G ",
      "onlineOnly": false
    },
    {
      "brand": "Woolworths",
      "productName": "So Delicious Dairy Free Cashew Yoghurt Blueberry 150g",
      "category": "Dairy, Eggs & Fridge",
      "imageURL": "https://cdn0.woolworths.media/content/wowproductimages/medium/062304.jpg",
      "discountedPrice": 3,
      "originalPrice": 3.5,
      "percent": 14,
      "savings": 0.5,
      "unitPrice": " $2.00 / 100G ",
      "onlineOnly": false
    },
    {
      "brand": "Woolworths",
      "productName": "Siggi's Skyr Yoghurt Pouch Passion Fruit 150g",
      "category": "Dairy, Eggs & Fridge",
      "imageURL": "https://cdn0.woolworths.media/content/wowproductimages/medium/062450.jpg",
      "discountedPrice": 1.5,
      "originalPrice": 2.5,
      "percent": 40,
      "savings": 1,
      "unitPrice": " $1.00 / 100G ",
      "onlineOnly": false
    },
    {
      "brand": "Woolworths",
      "productName": "Jalna Double Cream Yoghurt Strawberry 170g",
      "category": "Dairy, Eggs & Fridge",
      "imageURL": "https://cdn0.woolworths.media/content/wowproductimages/medium/062579.jpg",
      "discountedPrice": 2,
      "originalPrice": 2.5,
      "percent": 20,
      "savings": 0.5,
      "unitPrice": " $1.18 / 100G ",
      "onlineOnly": false
    },
    {
      "brand": "Woolworths",
      "productName": "Danone Activia Pouch Mango 140g",
      "category": "Dairy, Eggs & Fridge",
      "imageURL": "https://cdn0.woolworths.media/content/wowproductimages/medium/062773.jpg",
      "discountedPrice": 2,
      "originalPrice": 2.25,
      "percent": 11,
      "savings": 0.25,
      "unitPrice": " $1.43 / 100G ",
      "onlineOnly": false
    },
    {
      "brand": "Woolworths",
      "productName": "So Delicious Dairy Free Cashew Yoghurt Mango Passionfruit 150g",
      "category": "Dairy, Eggs & Fridge",
      "imageURL": "https://cdn0.woolworths.media/content/wowproductimages/medium/062822.jpg",
      "discountedPrice": 3,
      "originalPrice": 3.5,
      "percent": 14,
      "savings": 0.5,
      "unitPrice": " $2.00 / 100G ",
      "onlineOnly": false
    },
    {
      "brand": "Woolworths",
      "productName": "The Collective Kefir Fig Ginger 150g",
      "category": "Dairy, Eggs & Fridge",
      "imageURL": "https://cdn0.woolworths.media/content/wowproductimages/medium/062834.jpg",
      "discountedPrice": 2,
      "originalPrice": 2.5,
      "percent": 20,
      "savings": 0.5,
      "unitPrice": " $1.33 / 100G ",
      "onlineOnly": false
    },
    {
      "brand": "Woolworths",
      "productName": "The Collective Natural Kefir Tub 900g",
      "category": "Dairy, Eggs & Fridge",
      "imageURL": "https://cdn0.woolworths.media/content/wowproductimages/medium/062835.jpg",
      "discountedPrice": 5,
      "originalPrice": 7,
      "percent": 29,
      "savings": 2,
      "unitPrice": " $0.56 / 100G ",
      "onlineOnly": false
    },
    {
      "brand": "Woolworths",
      "productName": "Siggi's Skyr Yoghurt Pouch Raspberry 150g",
      "category": "Dairy, Eggs & Fridge",
      "imageURL": "https://cdn0.woolworths.media/content/wowproductimages/medium/062864.jpg",
      "discountedPrice": 1.5,
      "originalPrice": 2.5,
      "percent": 40,
      "savings": 1,
      "unitPrice": " $1.00 / 100G ",
      "onlineOnly": false
    },
    {
      "brand": "Woolworths",
      "productName": "Siggi's Skyr Yoghurt Pouch Vanilla 150g",
      "category": "Dairy, Eggs & Fridge",
      "imageURL": "https://cdn0.woolworths.media/content/wowproductimages/medium/062883.jpg",
      "discountedPrice": 1.5,
      "originalPrice": 2.5,
      "percent": 40,
      "savings": 1,
      "unitPrice": " $1.00 / 100G ",
      "onlineOnly": false
    },
    {
      "brand": "Woolworths",
      "productName": "Yoplait Yoghurt Smoothie Passion & Mango 300g",
      "category": "Dairy, Eggs & Fridge",
      "imageURL": "https://cdn0.woolworths.media/content/wowproductimages/medium/062884.jpg",
      "discountedPrice": 2,
      "originalPrice": 3,
      "percent": 33,
      "savings": 1,
      "unitPrice": " $0.67 / 100G ",
      "onlineOnly": false
    },
    {
      "brand": "Woolworths",
      "productName": "Yoplait Forme Zero Berry Harvest Yoghurts 6 pack",
      "category": "Dairy, Eggs & Fridge",
      "imageURL": "https://cdn0.woolworths.media/content/wowproductimages/medium/062933.jpg",
      "discountedPrice": 4,
      "originalPrice": 5,
      "percent": 20,
      "savings": 1,
      "unitPrice": " $0.42 / 100G ",
      "onlineOnly": false
    },
    {
      "brand": "Woolworths",
      "productName": "Yoplait Vanilla Yoghurts 6 pack",
      "category": "Dairy, Eggs & Fridge",
      "imageURL": "https://cdn0.woolworths.media/content/wowproductimages/medium/062968.jpg",
      "discountedPrice": 4,
      "originalPrice": 5,
      "percent": 20,
      "savings": 1,
      "unitPrice": " $0.42 / 100G ",
      "onlineOnly": false
    },
    {
      "brand": "Woolworths",
      "productName": "The Collective Kefir Date Cacao 150g",
      "category": "Dairy, Eggs & Fridge",
      "imageURL": "https://cdn0.woolworths.media/content/wowproductimages/medium/063029.jpg",
      "discountedPrice": 2,
      "originalPrice": 2.5,
      "percent": 20,
      "savings": 0.5,
      "unitPrice": " $1.33 / 100G ",
      "onlineOnly": false
    },
    {
      "brand": "Woolworths",
      "productName": "Brownes Wiggles Vanilla Bean Lactose Free 90g",
      "category": "Dairy, Eggs & Fridge",
      "imageURL": "https://cdn0.woolworths.media/content/wowproductimages/medium/063783.jpg",
      "discountedPrice": 1,
      "originalPrice": 1.45,
      "percent": 31,
      "savings": 0.45,
      "unitPrice": " $1.11 / 100G ",
      "onlineOnly": false
    },
    {
      "brand": "Woolworths",
      "productName": "Brownes Wiggles Blueberry Pouch Lactose Free 90g",
      "category": "Dairy, Eggs & Fridge",
      "imageURL": "https://cdn0.woolworths.media/content/wowproductimages/medium/063923.jpg",
      "discountedPrice": 1,
      "originalPrice": 1.45,
      "percent": 31,
      "savings": 0.45,
      "unitPrice": " $1.11 / 100G ",
      "onlineOnly": false
    },
    {
      "brand": "Woolworths",
      "productName": "Brownes Wiggles Strawberry Pouch Lactose Free 90g",
      "category": "Dairy, Eggs & Fridge",
      "imageURL": "https://cdn0.woolworths.media/content/wowproductimages/medium/064025.jpg",
      "discountedPrice": 1,
      "originalPrice": 1.45,
      "percent": 31,
      "savings": 0.45,
      "unitPrice": " $1.11 / 100G ",
      "onlineOnly": false
    },
    {
      "brand": "Woolworths",
      "productName": "Brownes Wiggles Mango Pouch Lactose Free 90g",
      "category": "Dairy, Eggs & Fridge",
      "imageURL": "https://cdn0.woolworths.media/content/wowproductimages/medium/064152.jpg",
      "discountedPrice": 1,
      "originalPrice": 1.45,
      "percent": 31,
      "savings": 0.45,
      "unitPrice": " $1.11 / 100G ",
      "onlineOnly": false
    },
    {
      "brand": "Woolworths",
      "productName": "Australia's Own Barista Almond 1l",
      "category": "Dairy, Eggs & Fridge",
      "imageURL": "https://cdn0.woolworths.media/content/wowproductimages/medium/064810.jpg",
      "discountedPrice": 3.6,
      "originalPrice": 4.5,
      "percent": 20,
      "savings": 0.9,
      "unitPrice": " $3.60 / 1L ",
      "onlineOnly": false
    },
    {
      "brand": "Woolworths",
      "productName": "Yumi's Vegie Bites Cauliflower & Potato 225g",
      "category": "Dairy, Eggs & Fridge",
      "imageURL": "https://cdn0.woolworths.media/content/wowproductimages/medium/065181.jpg",
      "discountedPrice": 4.4,
      "originalPrice": 5.5,
      "percent": 20,
      "savings": 1.1,
      "unitPrice": " $19.56 / 1KG ",
      "onlineOnly": false
    },
    {
      "brand": "Woolworths",
      "productName": "Naturli 100% Plant-based Minced 400g",
      "category": "Dairy, Eggs & Fridge",
      "imageURL": "https://cdn0.woolworths.media/content/wowproductimages/medium/065227.jpg",
      "discountedPrice": 8,
      "originalPrice": 9,
      "percent": 11,
      "savings": 1,
      "unitPrice": " $20.00 / 1KG ",
      "onlineOnly": false
    },
    {
      "brand": "Woolworths",
      "productName": "Unreal Co. Plant Based Chick'n Chives Sausages 350g",
      "category": "Dairy, Eggs & Fridge",
      "imageURL": "https://cdn0.woolworths.media/content/wowproductimages/medium/065254.jpg",
      "discountedPrice": 6,
      "originalPrice": 7,
      "percent": 14,
      "savings": 1,
      "unitPrice": " $17.14 / 1KG ",
      "onlineOnly": false
    },
    {
      "brand": "Woolworths",
      "productName": "Unreal Co. Plant Based Beefy Brat Sausages 350g",
      "category": "Dairy, Eggs & Fridge",
      "imageURL": "https://cdn0.woolworths.media/content/wowproductimages/medium/065255.jpg",
      "discountedPrice": 6,
      "originalPrice": 7,
      "percent": 14,
      "savings": 1,
      "unitPrice": " $17.14 / 1KG ",
      "onlineOnly": false
    },
    {
      "brand": "Woolworths",
      "productName": "Easiyo Natural Unsweetened Yogurt Base 140g",
      "category": "Dairy, Eggs & Fridge",
      "imageURL": "https://cdn0.woolworths.media/content/wowproductimages/medium/067192.jpg",
      "discountedPrice": 3.75,
      "originalPrice": 4.2,
      "percent": 11,
      "savings": 0.45,
      "unitPrice": " $2.68 / 100G ",
      "onlineOnly": false
    },
    {
      "brand": "Woolworths",
      "productName": "Obela Restaurant Style Hommus 350g",
      "category": "Dairy, Eggs & Fridge",
      "imageURL": "https://cdn0.woolworths.media/content/wowproductimages/medium/067303.jpg",
      "discountedPrice": 5.5,
      "originalPrice": 6.5,
      "percent": 15,
      "savings": 1,
      "unitPrice": " $1.57 / 100G ",
      "onlineOnly": false
    },
    {
      "brand": "Woolworths",
      "productName": "Oak Iced Coffee 600ml",
      "category": "Dairy, Eggs & Fridge",
      "imageURL": "https://cdn0.woolworths.media/content/wowproductimages/medium/068971.jpg",
      "discountedPrice": 2.3,
      "originalPrice": 3.15,
      "percent": 27,
      "savings": 0.85,
      "unitPrice": " $3.83 / 1L ",
      "onlineOnly": false
    },
    {
      "brand": "Woolworths",
      "productName": "Western Star Original Spreadable 500g",
      "category": "Dairy, Eggs & Fridge",
      "imageURL": "https://cdn0.woolworths.media/content/wowproductimages/medium/069756.jpg",
      "discountedPrice": 4.8,
      "originalPrice": 6,
      "percent": 20,
      "savings": 1.2,
      "unitPrice": " $0.96 / 100G ",
      "onlineOnly": false
    },
    {
      "brand": "Woolworths",
      "productName": "Western Star Soft 'n' Less Salt Spreadable 500g",
      "category": "Dairy, Eggs & Fridge",
      "imageURL": "https://cdn0.woolworths.media/content/wowproductimages/medium/069759.jpg",
      "discountedPrice": 4.8,
      "originalPrice": 6,
      "percent": 20,
      "savings": 1.2,
      "unitPrice": " $0.96 / 100G ",
      "onlineOnly": false
    },
    {
      "brand": "Woolworths",
      "productName": "Devondale Salted Butter 250g",
      "category": "Dairy, Eggs & Fridge",
      "imageURL": "https://cdn0.woolworths.media/content/wowproductimages/medium/075645.jpg",
      "discountedPrice": 3.9,
      "originalPrice": 4.3,
      "percent": 9,
      "savings": 0.4,
      "unitPrice": " $1.56 / 100G ",
      "onlineOnly": false
    },
    {
      "brand": "Woolworths",
      "productName": "Coon Cheese Slices Tasty 250g",
      "category": "Dairy, Eggs & Fridge",
      "imageURL": "https://cdn0.woolworths.media/content/wowproductimages/medium/076665.jpg",
      "discountedPrice": 4.5,
      "originalPrice": 6,
      "percent": 25,
      "savings": 1.5,
      "unitPrice": " $18.00 / 1KG ",
      "onlineOnly": false
    },
    {
      "brand": "Woolworths",
      "productName": "Tasmanian Heritage Double Brie Cheese 250g",
      "category": "Dairy, Eggs & Fridge",
      "imageURL": "https://cdn0.woolworths.media/content/wowproductimages/medium/077182.jpg",
      "discountedPrice": 5.9,
      "originalPrice": 11.8,
      "percent": 50,
      "savings": 5.9,
      "unitPrice": " $23.60 / 1KG ",
      "onlineOnly": false
    },
    {
      "brand": "Woolworths",
      "productName": "Woolworths Creamy Chicken & Leek Casserole 800g",
      "category": "Dairy, Eggs & Fridge",
      "imageURL": "https://cdn0.woolworths.media/content/wowproductimages/medium/078167.jpg",
      "discountedPrice": 13,
      "originalPrice": 15,
      "percent": 13,
      "savings": 2,
      "unitPrice": " $1.63 / 100G ",
      "onlineOnly": false
    },
    {
      "brand": "Woolworths",
      "productName": "Woolworths Hearty Vegetable Lasagne 700g",
      "category": "Dairy, Eggs & Fridge",
      "imageURL": "https://cdn0.woolworths.media/content/wowproductimages/medium/078197.jpg",
      "discountedPrice": 10,
      "originalPrice": 11,
      "percent": 9,
      "savings": 1,
      "unitPrice": " $1.43 / 100G ",
      "onlineOnly": false
    },
    {
      "brand": "Woolworths",
      "productName": "Activia Probiotics Dairy Free Oat Yoghurt Blueberry-acai 160g",
      "category": "Dairy, Eggs & Fridge",
      "imageURL": "https://cdn0.woolworths.media/content/wowproductimages/medium/082421.jpg",
      "discountedPrice": 2,
      "originalPrice": 2.8,
      "percent": 29,
      "savings": 0.8,
      "unitPrice": " $1.25 / 100G ",
      "onlineOnly": false
    },
    {
      "brand": "Woolworths",
      "productName": "Activia Probiotics Dairy Free Oat Yoghurt Banana 160g",
      "category": "Dairy, Eggs & Fridge",
      "imageURL": "https://cdn0.woolworths.media/content/wowproductimages/medium/082535.jpg",
      "discountedPrice": 2,
      "originalPrice": 2.8,
      "percent": 29,
      "savings": 0.8,
      "unitPrice": " $1.25 / 100G ",
      "onlineOnly": false
    },
    {
      "brand": "Woolworths",
      "productName": "Arnott's Scotch Finger 250g",
      "category": "Pantry",
      "imageURL": "https://cdn0.woolworths.media/content/wowproductimages/medium/036013.jpg",
      "discountedPrice": 2,
      "originalPrice": 3,
      "percent": 33,
      "savings": 1,
      "unitPrice": " $0.80 / 100G ",
      "onlineOnly": false
    },
    {
      "brand": "Woolworths",
      "productName": "Bega Peanut Butter Crunchy 375g",
      "category": "Pantry",
      "imageURL": "https://cdn0.woolworths.media/content/wowproductimages/medium/033604.jpg",
      "discountedPrice": 4,
      "originalPrice": 4.9,
      "percent": 18,
      "savings": 0.9,
      "unitPrice": " $1.07 / 100G ",
      "onlineOnly": false
    },
    {
      "brand": "Woolworths",
      "productName": "Arnott's Monte Carlo 250g",
      "category": "Pantry",
      "imageURL": "https://cdn0.woolworths.media/content/wowproductimages/medium/036031.jpg",
      "discountedPrice": 2,
      "originalPrice": 3,
      "percent": 33,
      "savings": 1,
      "unitPrice": " $0.80 / 100G ",
      "onlineOnly": false
    },
    {
      "brand": "Woolworths",
      "productName": "Heinz Baked Beans No Added Sugar 220g x3 pack",
      "category": "Pantry",
      "imageURL": "https://cdn0.woolworths.media/content/wowproductimages/medium/003471.jpg",
      "discountedPrice": 3,
      "originalPrice": 4,
      "percent": 25,
      "savings": 1,
      "unitPrice": " $0.45 / 100G ",
      "onlineOnly": false
    },
    {
      "brand": "Woolworths",
      "productName": "Darrell Lea Rocklea Road Block 180g",
      "category": "Pantry",
      "imageURL": "https://cdn0.woolworths.media/content/wowproductimages/medium/004559.jpg",
      "discountedPrice": 3,
      "originalPrice": 5,
      "percent": 40,
      "savings": 2,
      "unitPrice": " $1.67 / 100G ",
      "onlineOnly": false
    },
    {
      "brand": "Woolworths",
      "productName": "Zooper Dooper 8 Cosmic Flavours 24x70ml",
      "category": "Pantry",
      "imageURL": "https://cdn0.woolworths.media/content/wowproductimages/medium/021662.jpg",
      "discountedPrice": 5,
      "originalPrice": 5.8,
      "percent": 14,
      "savings": 0.8,
      "unitPrice": " $0.30 / 100ML ",
      "onlineOnly": false
    },
    {
      "brand": "Woolworths",
      "productName": "Pearl River Bridge Soy Sauce Superior Light 500ml",
      "category": "Pantry",
      "imageURL": "https://cdn0.woolworths.media/content/wowproductimages/medium/000086.jpg",
      "discountedPrice": 2.2,
      "originalPrice": 2.85,
      "percent": 23,
      "savings": 0.65,
      "unitPrice": " $0.44 / 100ML ",
      "onlineOnly": false
    },
    {
      "brand": "Woolworths",
      "productName": "M&m's Mini's Chocolate Tube 35g",
      "category": "Pantry",
      "imageURL": "https://cdn0.woolworths.media/content/wowproductimages/medium/000579.jpg",
      "discountedPrice": 1,
      "originalPrice": 2,
      "percent": 50,
      "savings": 1,
      "unitPrice": " $2.86 / 100G ",
      "onlineOnly": false
    },
    {
      "brand": "Woolworths",
      "productName": "Green & Black's Organic Dark Chocolate 70% Cocoa 90g",
      "category": "Pantry",
      "imageURL": "https://cdn0.woolworths.media/content/wowproductimages/medium/002514.jpg",
      "discountedPrice": 3,
      "originalPrice": 4.25,
      "percent": 29,
      "savings": 1.25,
      "unitPrice": " $3.33 / 100G ",
      "onlineOnly": false
    },
    {
      "brand": "Woolworths",
      "productName": "Beerenberg Tomato Chutney 260g",
      "category": "Pantry",
      "imageURL": "https://cdn0.woolworths.media/content/wowproductimages/medium/003151.jpg",
      "discountedPrice": 4.3,
      "originalPrice": 5.4,
      "percent": 20,
      "savings": 1.1,
      "unitPrice": " $1.65 / 100G ",
      "onlineOnly": false
    },
    {
      "brand": "Woolworths",
      "productName": "Beerenberg Hot Tomato Chutney 260g",
      "category": "Pantry",
      "imageURL": "https://cdn0.woolworths.media/content/wowproductimages/medium/004412.jpg",
      "discountedPrice": 4.3,
      "originalPrice": 5.4,
      "percent": 20,
      "savings": 1.1,
      "unitPrice": " $1.65 / 100G ",
      "onlineOnly": false
    },
    {
      "brand": "Woolworths",
      "productName": "Darrell Lea Caramel Craving Block 180g",
      "category": "Pantry",
      "imageURL": "https://cdn0.woolworths.media/content/wowproductimages/medium/004572.jpg",
      "discountedPrice": 3,
      "originalPrice": 5,
      "percent": 40,
      "savings": 2,
      "unitPrice": " $1.67 / 100G ",
      "onlineOnly": false
    },
    {
      "brand": "Woolworths",
      "productName": "Darrell Lea Peppermint Party Time Block 180g",
      "category": "Pantry",
      "imageURL": "https://cdn0.woolworths.media/content/wowproductimages/medium/004704.jpg",
      "discountedPrice": 3,
      "originalPrice": 5,
      "percent": 40,
      "savings": 2,
      "unitPrice": " $1.67 / 100G ",
      "onlineOnly": false
    },
    {
      "brand": "Woolworths",
      "productName": "Darrell Lea Traditional Liquorice Block 180g",
      "category": "Pantry",
      "imageURL": "https://cdn0.woolworths.media/content/wowproductimages/medium/004712.jpg",
      "discountedPrice": 3,
      "originalPrice": 5,
      "percent": 40,
      "savings": 2,
      "unitPrice": " $1.67 / 100G ",
      "onlineOnly": false
    },
    {
      "brand": "Woolworths",
      "productName": "Maggi Fish Sauce 300ml",
      "category": "Pantry",
      "imageURL": "https://cdn0.woolworths.media/content/wowproductimages/medium/008242.jpg",
      "discountedPrice": 2.4,
      "originalPrice": 3,
      "percent": 20,
      "savings": 0.6,
      "unitPrice": " $0.80 / 100ML ",
      "onlineOnly": false
    },
    {
      "brand": "Woolworths",
      "productName": "Ferrero Rocher Chocolates 30 pack",
      "category": "Pantry",
      "imageURL": "https://cdn0.woolworths.media/content/wowproductimages/medium/009023.jpg",
      "discountedPrice": 12,
      "originalPrice": 20,
      "percent": 40,
      "savings": 8,
      "unitPrice": " $3.20 / 100G ",
      "onlineOnly": false
    },
    {
      "brand": "Woolworths",
      "productName": "Masterfoods Finely Crushed Garlic 170g",
      "category": "Pantry",
      "imageURL": "https://cdn0.woolworths.media/content/wowproductimages/medium/009096.jpg",
      "discountedPrice": 2.7,
      "originalPrice": 3,
      "percent": 10,
      "savings": 0.3,
      "unitPrice": " $0.16 / 10G ",
      "onlineOnly": false
    },
    {
      "brand": "Woolworths",
      "productName": "Masterfoods Finely Chopped Ginger 160g",
      "category": "Pantry",
      "imageURL": "https://cdn0.woolworths.media/content/wowproductimages/medium/009185.jpg",
      "discountedPrice": 2.7,
      "originalPrice": 3,
      "percent": 10,
      "savings": 0.3,
      "unitPrice": " $0.17 / 10G ",
      "onlineOnly": false
    },
    {
      "brand": "Woolworths",
      "productName": "Fehlbergs Burger Pickles 490g",
      "category": "Pantry",
      "imageURL": "https://cdn0.woolworths.media/content/wowproductimages/medium/009228.jpg",
      "discountedPrice": 3.3,
      "originalPrice": 3.8,
      "percent": 13,
      "savings": 0.5,
      "unitPrice": " $6.73 / 1KG ",
      "onlineOnly": false
    },
    {
      "brand": "Woolworths",
      "productName": "Beerenberg Tomato Sauce 300ml",
      "category": "Pantry",
      "imageURL": "https://cdn0.woolworths.media/content/wowproductimages/medium/009297.jpg",
      "discountedPrice": 3.8,
      "originalPrice": 4.75,
      "percent": 20,
      "savings": 0.95,
      "unitPrice": " $1.27 / 100ML ",
      "onlineOnly": false
    },
    {
      "brand": "Woolworths",
      "productName": "Masterfoods Freshly Chopped Chilli 160g",
      "category": "Pantry",
      "imageURL": "https://cdn0.woolworths.media/content/wowproductimages/medium/009591.jpg",
      "discountedPrice": 2.7,
      "originalPrice": 3,
      "percent": 10,
      "savings": 0.3,
      "unitPrice": " $0.17 / 10G ",
      "onlineOnly": false
    },
    {
      "brand": "Woolworths",
      "productName": "Suimin Oriental Chicken Cup 70g",
      "category": "Pantry",
      "imageURL": "https://cdn0.woolworths.media/content/wowproductimages/medium/009782.jpg",
      "discountedPrice": 1.2,
      "originalPrice": 1.5,
      "percent": 20,
      "savings": 0.3,
      "unitPrice": " $1.71 / 100G ",
      "onlineOnly": false
    },
    {
      "brand": "Woolworths",
      "productName": "Nescafe Blend 43 Decaffeinated Instant Coffee 250g",
      "category": "Pantry",
      "imageURL": "https://cdn0.woolworths.media/content/wowproductimages/medium/010927.jpg",
      "discountedPrice": 14.8,
      "originalPrice": 18,
      "percent": 18,
      "savings": 3.2,
      "unitPrice": " $5.92 / 100G ",
      "onlineOnly": false
    },
    {
      "brand": "Woolworths",
      "productName": "Ayam Teriyaki Sauce 210ml",
      "category": "Pantry",
      "imageURL": "https://cdn0.woolworths.media/content/wowproductimages/medium/011062.jpg",
      "discountedPrice": 2.5,
      "originalPrice": 3.5,
      "percent": 29,
      "savings": 1,
      "unitPrice": " $1.19 / 100ML ",
      "onlineOnly": false
    },
    {
      "brand": "Woolworths",
      "productName": "San Remo Vermicelli Egg Noodle Pasta 250g",
      "category": "Pantry",
      "imageURL": "https://cdn0.woolworths.media/content/wowproductimages/medium/011251.jpg",
      "discountedPrice": 1.25,
      "originalPrice": 1.8,
      "percent": 31,
      "savings": 0.55,
      "unitPrice": " $0.50 / 100G ",
      "onlineOnly": false
    },
    {
      "brand": "Woolworths",
      "productName": "San Remo Tagliatelle Egg Noodle Pasta 250g",
      "category": "Pantry",
      "imageURL": "https://cdn0.woolworths.media/content/wowproductimages/medium/011252.jpg",
      "discountedPrice": 1.25,
      "originalPrice": 1.8,
      "percent": 31,
      "savings": 0.55,
      "unitPrice": " $0.50 / 100G ",
      "onlineOnly": false
    },
    {
      "brand": "Woolworths",
      "productName": "Gravox Cheese Sauce Mix Mild And Creamy 120g",
      "category": "Pantry",
      "imageURL": "https://cdn0.woolworths.media/content/wowproductimages/medium/013509.jpg",
      "discountedPrice": 2.7,
      "originalPrice": 3.5,
      "percent": 23,
      "savings": 0.8,
      "unitPrice": " $0.23 / 10G ",
      "onlineOnly": false
    },
    {
      "brand": "Woolworths",
      "productName": "Lee Kum Kee Sauce Lemon Chicken 145g",
      "category": "Pantry",
      "imageURL": "https://cdn0.woolworths.media/content/wowproductimages/medium/015221.jpg",
      "discountedPrice": 1.7,
      "originalPrice": 2.2,
      "percent": 23,
      "savings": 0.5,
      "unitPrice": " $1.17 / 100G ",
      "onlineOnly": false
    },
    {
      "brand": "Woolworths",
      "productName": "Lee Kum Kee Cantonese Chicken Ready Sauce Stir Fry Cantonese Chicken 120g",
      "category": "Pantry",
      "imageURL": "https://cdn0.woolworths.media/content/wowproductimages/medium/015226.jpg",
      "discountedPrice": 1.7,
      "originalPrice": 2.2,
      "percent": 23,
      "savings": 0.5,
      "unitPrice": " $1.42 / 100G ",
      "onlineOnly": false
    },
    {
      "brand": "Woolworths",
      "productName": "Atkins Low Carb Crispbread 100g",
      "category": "Pantry",
      "imageURL": "https://cdn0.woolworths.media/content/wowproductimages/medium/016962.jpg",
      "discountedPrice": 2.8,
      "originalPrice": 4,
      "percent": 30,
      "savings": 1.2,
      "unitPrice": " $2.80 / 100G ",
      "onlineOnly": false
    },
    {
      "brand": "Woolworths",
      "productName": "Dilmah Premium Quality Loose Leaf Tea 250g",
      "category": "Pantry",
      "imageURL": "https://cdn0.woolworths.media/content/wowproductimages/medium/018206.jpg",
      "discountedPrice": 4,
      "originalPrice": 5.3,
      "percent": 25,
      "savings": 1.3,
      "unitPrice": " $1.60 / 100G ",
      "onlineOnly": false
    },
    {
      "brand": "Woolworths",
      "productName": "Kewpie Sriracha Mayo 300g",
      "category": "Pantry",
      "imageURL": "https://cdn0.woolworths.media/content/wowproductimages/medium/018475.jpg",
      "discountedPrice": 3,
      "originalPrice": 4.7,
      "percent": 36,
      "savings": 1.7,
      "unitPrice": " $1.00 / 100G ",
      "onlineOnly": false
    },
    {
      "brand": "Woolworths",
      "productName": "S&b Japanese Hot Curry Sauce With Vegetables 210g",
      "category": "Pantry",
      "imageURL": "https://cdn0.woolworths.media/content/wowproductimages/medium/019614.jpg",
      "discountedPrice": 2.2,
      "originalPrice": 2.8,
      "percent": 21,
      "savings": 0.6,
      "unitPrice": " $1.05 / 100G ",
      "onlineOnly": false
    },
    {
      "brand": "Woolworths",
      "productName": "S&b Japanese Style Chilli Paste Tube 43g",
      "category": "Pantry",
      "imageURL": "https://cdn0.woolworths.media/content/wowproductimages/medium/019615.jpg",
      "discountedPrice": 2.6,
      "originalPrice": 3,
      "percent": 13,
      "savings": 0.4,
      "unitPrice": " $6.05 / 100G ",
      "onlineOnly": false
    },
    {
      "brand": "Woolworths",
      "productName": "Vegeta Vegetable Gourmet Stock Powder 250g",
      "category": "Pantry",
      "imageURL": "https://cdn0.woolworths.media/content/wowproductimages/medium/021724.jpg",
      "discountedPrice": 2.9,
      "originalPrice": 3.7,
      "percent": 22,
      "savings": 0.8,
      "unitPrice": " $0.12 / 10G ",
      "onlineOnly": false
    },
    {
      "brand": "Woolworths",
      "productName": "Lindt Fruit Sens Mango Passionfruit 150g",
      "category": "Pantry",
      "imageURL": "https://cdn0.woolworths.media/content/wowproductimages/medium/022330.jpg",
      "discountedPrice": 1.5,
      "originalPrice": 6,
      "percent": 75,
      "savings": 4.5,
      "unitPrice": " $1.00 / 100G ",
      "onlineOnly": false
    },
    {
      "brand": "Woolworths",
      "productName": "Nescafe Gold Creme Brulee 8 pack",
      "category": "Pantry",
      "imageURL": "https://cdn0.woolworths.media/content/wowproductimages/medium/022768.jpg",
      "discountedPrice": 3.15,
      "originalPrice": 6.3,
      "percent": 50,
      "savings": 3.15,
      "unitPrice": " $0.39 / 1EA ",
      "onlineOnly": false
    },
    {
      "brand": "Woolworths",
      "productName": "Nescafe Gold Cappuccino Intense 8 pack",
      "category": "Pantry",
      "imageURL": "https://cdn0.woolworths.media/content/wowproductimages/medium/022769.jpg",
      "discountedPrice": 3.15,
      "originalPrice": 6.3,
      "percent": 50,
      "savings": 3.15,
      "unitPrice": " $0.39 / 1EA ",
      "onlineOnly": false
    },
    {
      "brand": "Woolworths",
      "productName": "Nescafe Gold Cappucino 8 pack",
      "category": "Pantry",
      "imageURL": "https://cdn0.woolworths.media/content/wowproductimages/medium/022774.jpg",
      "discountedPrice": 3.15,
      "originalPrice": 6.3,
      "percent": 50,
      "savings": 3.15,
      "unitPrice": " $0.39 / 1EA ",
      "onlineOnly": false
    },
    {
      "brand": "Woolworths",
      "productName": "Nescafe Decaf Cappuccino Coffee Sachets 10 pack",
      "category": "Pantry",
      "imageURL": "https://cdn0.woolworths.media/content/wowproductimages/medium/022780.jpg",
      "discountedPrice": 3.15,
      "originalPrice": 6.3,
      "percent": 50,
      "savings": 3.15,
      "unitPrice": " $0.32 / 1EA ",
      "onlineOnly": false
    },
    {
      "brand": "Woolworths",
      "productName": "Nescafe Latte 10 pack",
      "category": "Pantry",
      "imageURL": "https://cdn0.woolworths.media/content/wowproductimages/medium/022823.jpg",
      "discountedPrice": 3.15,
      "originalPrice": 6.3,
      "percent": 50,
      "savings": 3.15,
      "unitPrice": " $0.32 / 1EA ",
      "onlineOnly": false
    },
    {
      "brand": "Woolworths",
      "productName": "Patak's Tikka Masala Curry Paste Paste 283g",
      "category": "Pantry",
      "imageURL": "https://cdn0.woolworths.media/content/wowproductimages/medium/024275.jpg",
      "discountedPrice": 3,
      "originalPrice": 5.5,
      "percent": 45,
      "savings": 2.5,
      "unitPrice": " $1.06 / 100G ",
      "onlineOnly": false
    },
    {
      "brand": "Woolworths",
      "productName": "Parker's Pretzels Twists 200g",
      "category": "Pantry",
      "imageURL": "https://cdn0.woolworths.media/content/wowproductimages/medium/024378.jpg",
      "discountedPrice": 2.5,
      "originalPrice": 3.55,
      "percent": 30,
      "savings": 1.05,
      "unitPrice": " $1.25 / 100G ",
      "onlineOnly": false
    },
    {
      "brand": "Woolworths",
      "productName": "Equal Sweetener Tablets 300pk",
      "category": "Pantry",
      "imageURL": "https://cdn0.woolworths.media/content/wowproductimages/medium/024488.jpg",
      "discountedPrice": 7.35,
      "originalPrice": 9.35,
      "percent": 21,
      "savings": 2,
      "unitPrice": " $2.45 / 100EA ",
      "onlineOnly": false
    },
    {
      "brand": "Woolworths",
      "productName": "Arnott's Custard Creams 250g",
      "category": "Pantry",
      "imageURL": "https://cdn0.woolworths.media/content/wowproductimages/medium/024723.jpg",
      "discountedPrice": 2,
      "originalPrice": 3,
      "percent": 33,
      "savings": 1,
      "unitPrice": " $0.80 / 100G ",
      "onlineOnly": false
    },
    {
      "brand": "Woolworths",
      "productName": "Blue Banner Onions Pickled 525g",
      "category": "Pantry",
      "imageURL": "https://cdn0.woolworths.media/content/wowproductimages/medium/025087.jpg",
      "discountedPrice": 5.6,
      "originalPrice": 6,
      "percent": 7,
      "savings": 0.4,
      "unitPrice": " $10.67 / 1KG ",
      "onlineOnly": false
    },
    {
      "brand": "Woolworths",
      "productName": "San Remo Cous Cous Medium Grain 500g",
      "category": "Pantry",
      "imageURL": "https://cdn0.woolworths.media/content/wowproductimages/medium/025207.jpg",
      "discountedPrice": 2.2,
      "originalPrice": 2.8,
      "percent": 21,
      "savings": 0.6,
      "unitPrice": " $0.44 / 100G ",
      "onlineOnly": false
    },
    {
      "brand": "Woolworths",
      "productName": "Woolworths Fully Loaded Cookies Hazelnut 200g",
      "category": "Pantry",
      "imageURL": "https://cdn0.woolworths.media/content/wowproductimages/medium/025962.jpg",
      "discountedPrice": 2.5,
      "originalPrice": 4,
      "percent": 38,
      "savings": 1.5,
      "unitPrice": " $1.25 / 100G ",
      "onlineOnly": false
    },
    {
      "brand": "Woolworths",
      "productName": "Woolworths Fully Loaded Cookies Chocolate 210g",
      "category": "Pantry",
      "imageURL": "https://cdn0.woolworths.media/content/wowproductimages/medium/025963.jpg",
      "discountedPrice": 2.5,
      "originalPrice": 4,
      "percent": 38,
      "savings": 1.5,
      "unitPrice": " $1.19 / 100G ",
      "onlineOnly": false
    },
    {
      "brand": "Woolworths",
      "productName": "Woolworths Fully Loaded Cookies Salted Caramel 200g",
      "category": "Pantry",
      "imageURL": "https://cdn0.woolworths.media/content/wowproductimages/medium/025964.jpg",
      "discountedPrice": 2.5,
      "originalPrice": 4,
      "percent": 38,
      "savings": 1.5,
      "unitPrice": " $1.25 / 100G ",
      "onlineOnly": false
    },
    {
      "brand": "Woolworths",
      "productName": "John West Rainbow Trout Smoked Fillets In Chilli 115g",
      "category": "Pantry",
      "imageURL": "https://cdn0.woolworths.media/content/wowproductimages/medium/025980.jpg",
      "discountedPrice": 4,
      "originalPrice": 5.3,
      "percent": 25,
      "savings": 1.3,
      "unitPrice": " $34.78 / 1KG ",
      "onlineOnly": false
    },
    {
      "brand": "Woolworths",
      "productName": "John West Rainbow Trout Smoked Fillets 115g",
      "category": "Pantry",
      "imageURL": "https://cdn0.woolworths.media/content/wowproductimages/medium/026040.jpg",
      "discountedPrice": 4,
      "originalPrice": 5.3,
      "percent": 25,
      "savings": 1.3,
      "unitPrice": " $34.78 / 1KG ",
      "onlineOnly": false
    },
    {
      "brand": "Woolworths",
      "productName": "Sirena Tuna Triple Chilli 95g",
      "category": "Pantry",
      "imageURL": "https://cdn0.woolworths.media/content/wowproductimages/medium/026137.jpg",
      "discountedPrice": 2.15,
      "originalPrice": 2.7,
      "percent": 20,
      "savings": 0.55,
      "unitPrice": " $22.63 / 1KG ",
      "onlineOnly": false
    },
    {
      "brand": "Woolworths",
      "productName": "Herbamare Sauce Seasoning Herb Salt 250g",
      "category": "Pantry",
      "imageURL": "https://cdn0.woolworths.media/content/wowproductimages/medium/027876.jpg",
      "discountedPrice": 6.6,
      "originalPrice": 7.7,
      "percent": 14,
      "savings": 1.1,
      "unitPrice": " $2.64 / 100G ",
      "onlineOnly": false
    },
    {
      "brand": "Woolworths",
      "productName": "Lavazza Ristretto Capsules Intensita 11 10 pack",
      "category": "Pantry",
      "imageURL": "https://cdn0.woolworths.media/content/wowproductimages/medium/028344.jpg",
      "discountedPrice": 4,
      "originalPrice": 6,
      "percent": 33,
      "savings": 2,
      "unitPrice": " $0.40 / 1EA ",
      "onlineOnly": false
    },
    {
      "brand": "Woolworths",
      "productName": "Uncle Tobys Oats Breakfast Bakes Honey & Roasted Almond 260g",
      "category": "Pantry",
      "imageURL": "https://cdn0.woolworths.media/content/wowproductimages/medium/028589.jpg",
      "discountedPrice": 3,
      "originalPrice": 6,
      "percent": 50,
      "savings": 3,
      "unitPrice": " $1.15 / 100G ",
      "onlineOnly": false
    },
    {
      "brand": "Woolworths",
      "productName": "Uncle Tobys Oats Breakfast Bakes Apple & Cinnamon 260g",
      "category": "Pantry",
      "imageURL": "https://cdn0.woolworths.media/content/wowproductimages/medium/028617.jpg",
      "discountedPrice": 3,
      "originalPrice": 6,
      "percent": 50,
      "savings": 3,
      "unitPrice": " $1.15 / 100G ",
      "onlineOnly": false
    },
    {
      "brand": "Woolworths",
      "productName": "Clive Of India Curry Powder 100g",
      "category": "Pantry",
      "imageURL": "https://cdn0.woolworths.media/content/wowproductimages/medium/030015.jpg",
      "discountedPrice": 2.9,
      "originalPrice": 3.5,
      "percent": 17,
      "savings": 0.6,
      "unitPrice": " $0.29 / 10G ",
      "onlineOnly": false
    },
    {
      "brand": "Woolworths",
      "productName": "Campbell's Real Beef Liquid Stock 1l",
      "category": "Pantry",
      "imageURL": "https://cdn0.woolworths.media/content/wowproductimages/medium/030825.jpg",
      "discountedPrice": 3,
      "originalPrice": 4,
      "percent": 25,
      "savings": 1,
      "unitPrice": " $0.30 / 100ML ",
      "onlineOnly": false
    },
    {
      "brand": "Woolworths",
      "productName": "Campbell's Real Vegetable Liquid Stock 1l",
      "category": "Pantry",
      "imageURL": "https://cdn0.woolworths.media/content/wowproductimages/medium/030856.jpg",
      "discountedPrice": 3,
      "originalPrice": 4,
      "percent": 25,
      "savings": 1,
      "unitPrice": " $0.30 / 100ML ",
      "onlineOnly": false
    },
    {
      "brand": "Woolworths",
      "productName": "Arnott's Tic Toc Biscuits 250g",
      "category": "Pantry",
      "imageURL": "https://cdn0.woolworths.media/content/wowproductimages/medium/030872.jpg",
      "discountedPrice": 2.5,
      "originalPrice": 3.05,
      "percent": 18,
      "savings": 0.55,
      "unitPrice": " $1.00 / 100G ",
      "onlineOnly": false
    },
    {
      "brand": "Woolworths",
      "productName": "Arnott's Delta Creams 250g",
      "category": "Pantry",
      "imageURL": "https://cdn0.woolworths.media/content/wowproductimages/medium/030949.jpg",
      "discountedPrice": 2,
      "originalPrice": 3,
      "percent": 33,
      "savings": 1,
      "unitPrice": " $0.80 / 100G ",
      "onlineOnly": false
    },
    {
      "brand": "Woolworths",
      "productName": "Vittoria Espressotoria Maragogype Coffee Capsules 12 pack",
      "category": "Pantry",
      "imageURL": "https://cdn0.woolworths.media/content/wowproductimages/medium/032182.jpg",
      "discountedPrice": 6.5,
      "originalPrice": 8.4,
      "percent": 23,
      "savings": 1.9,
      "unitPrice": " $0.54 / 1EA ",
      "onlineOnly": false
    },
    {
      "brand": "Woolworths",
      "productName": "Arnott's Tim Tam Choc Double Coated 200g",
      "category": "Pantry",
      "imageURL": "https://cdn0.woolworths.media/content/wowproductimages/medium/032257.jpg",
      "discountedPrice": 2.5,
      "originalPrice": 3.65,
      "percent": 32,
      "savings": 1.15,
      "unitPrice": " $1.25 / 100G ",
      "onlineOnly": false
    },
    {
      "brand": "Woolworths",
      "productName": "Crisco Vegetable Blended Oil 750ml",
      "category": "Pantry",
      "imageURL": "https://cdn0.woolworths.media/content/wowproductimages/medium/032991.jpg",
      "discountedPrice": 3.45,
      "originalPrice": 3.8,
      "percent": 9,
      "savings": 0.35,
      "unitPrice": " $0.46 / 100ML ",
      "onlineOnly": false
    },
    {
      "brand": "Woolworths",
      "productName": "White Wings Plain Flour 1kg",
      "category": "Pantry",
      "imageURL": "https://cdn0.woolworths.media/content/wowproductimages/medium/033064.jpg",
      "discountedPrice": 2.5,
      "originalPrice": 3,
      "percent": 17,
      "savings": 0.5,
      "unitPrice": " $2.50 / 1KG ",
      "onlineOnly": false
    },
    {
      "brand": "Woolworths",
      "productName": "White Wings Self Raising Flour 1kg",
      "category": "Pantry",
      "imageURL": "https://cdn0.woolworths.media/content/wowproductimages/medium/033078.jpg",
      "discountedPrice": 2.5,
      "originalPrice": 3,
      "percent": 17,
      "savings": 0.5,
      "unitPrice": " $2.50 / 1KG ",
      "onlineOnly": false
    },
    {
      "brand": "Woolworths",
      "productName": "Csr Brown Sugar 500g",
      "category": "Pantry",
      "imageURL": "https://cdn0.woolworths.media/content/wowproductimages/medium/033142.jpg",
      "discountedPrice": 1.9,
      "originalPrice": 2.15,
      "percent": 12,
      "savings": 0.25,
      "unitPrice": " $0.38 / 100G ",
      "onlineOnly": false
    },
    {
      "brand": "Woolworths",
      "productName": "Cottee's Ice Magic Chocolate 220g",
      "category": "Pantry",
      "imageURL": "https://cdn0.woolworths.media/content/wowproductimages/medium/033278.jpg",
      "discountedPrice": 3.2,
      "originalPrice": 3.95,
      "percent": 19,
      "savings": 0.75,
      "unitPrice": " $1.45 / 100G ",
      "onlineOnly": false
    },
    {
      "brand": "Woolworths",
      "productName": "Cottee's Ice Magic Mint Chocolate 220g",
      "category": "Pantry",
      "imageURL": "https://cdn0.woolworths.media/content/wowproductimages/medium/033279.jpg",
      "discountedPrice": 3.2,
      "originalPrice": 3.95,
      "percent": 19,
      "savings": 0.75,
      "unitPrice": " $1.45 / 100G ",
      "onlineOnly": false
    },
    {
      "brand": "Woolworths",
      "productName": "Bega Peanut Butter Smooth 375g",
      "category": "Pantry",
      "imageURL": "https://cdn0.woolworths.media/content/wowproductimages/medium/033605.jpg",
      "discountedPrice": 4,
      "originalPrice": 4.9,
      "percent": 18,
      "savings": 0.9,
      "unitPrice": " $1.07 / 100G ",
      "onlineOnly": false
    },
    {
      "brand": "Woolworths",
      "productName": "Nescafe Blend 43 Instant Coffee 150g",
      "category": "Pantry",
      "imageURL": "https://cdn0.woolworths.media/content/wowproductimages/medium/033835.jpg",
      "discountedPrice": 7,
      "originalPrice": 9.4,
      "percent": 26,
      "savings": 2.4,
      "unitPrice": " $4.67 / 100G ",
      "onlineOnly": false
    },
    {
      "brand": "Woolworths",
      "productName": "Birds Eye Onion Rings 500g",
      "category": "Freezer",
      "imageURL": "https://cdn0.woolworths.media/content/wowproductimages/medium/470257.jpg",
      "discountedPrice": 3,
      "originalPrice": 4,
      "percent": 25,
      "savings": 1,
      "unitPrice": " $6.00 / 1KG ",
      "onlineOnly": false
    },
    {
      "brand": "Woolworths",
      "productName": "Chiko Original Rolls 4 pack",
      "category": "Freezer",
      "imageURL": "https://cdn0.woolworths.media/content/wowproductimages/medium/059793.jpg",
      "discountedPrice": 4.5,
      "originalPrice": 5.4,
      "percent": 17,
      "savings": 0.9,
      "unitPrice": " $0.69 / 100G ",
      "onlineOnly": false
    },
    {
      "brand": "Woolworths",
      "productName": "Birds Eye Deli Flathead Fish Bites Crisp Light Batter 250g",
      "category": "Freezer",
      "imageURL": "https://cdn0.woolworths.media/content/wowproductimages/medium/111368.jpg",
      "discountedPrice": 7.2,
      "originalPrice": 9,
      "percent": 20,
      "savings": 1.8,
      "unitPrice": " $28.80 / 1KG ",
      "onlineOnly": false
    },
    {
      "brand": "Woolworths",
      "productName": "Birds Eye Golden Crunch Straight Cut Chips 1kg",
      "category": "Freezer",
      "imageURL": "https://cdn0.woolworths.media/content/wowproductimages/medium/113921.jpg",
      "discountedPrice": 3.4,
      "originalPrice": 4.3,
      "percent": 21,
      "savings": 0.9,
      "unitPrice": " $3.40 / 1KG ",
      "onlineOnly": false
    },
    {
      "brand": "Woolworths",
      "productName": "Della Rosa Bbq Meatlovers Family Pizza 500g",
      "category": "Freezer",
      "imageURL": "https://cdn0.woolworths.media/content/wowproductimages/medium/081977.jpg",
      "discountedPrice": 5,
      "originalPrice": 6.5,
      "percent": 23,
      "savings": 1.5,
      "unitPrice": " $1.00 / 100G ",
      "onlineOnly": false
    },
    {
      "brand": "Woolworths",
      "productName": "Della Rosa Stone Baked Bbq Chicken & Pineapple Pizza 500g",
      "category": "Freezer",
      "imageURL": "https://cdn0.woolworths.media/content/wowproductimages/medium/082847.jpg",
      "discountedPrice": 5,
      "originalPrice": 6.5,
      "percent": 23,
      "savings": 1.5,
      "unitPrice": " $1.00 / 100G ",
      "onlineOnly": false
    },
    {
      "brand": "Woolworths",
      "productName": "Birds Eye Deli Salt & Pepper Prawn Cutlets 225g",
      "category": "Freezer",
      "imageURL": "https://cdn0.woolworths.media/content/wowproductimages/medium/109150.jpg",
      "discountedPrice": 7.2,
      "originalPrice": 9,
      "percent": 20,
      "savings": 1.8,
      "unitPrice": " $32.00 / 1KG ",
      "onlineOnly": false
    },
    {
      "brand": "Woolworths",
      "productName": "Steggles Chicken Pieces Premium Breast Fingers 400g",
      "category": "Freezer",
      "imageURL": "https://cdn0.woolworths.media/content/wowproductimages/medium/251465.jpg",
      "discountedPrice": 4,
      "originalPrice": 6.8,
      "percent": 41,
      "savings": 2.8,
      "unitPrice": " $10.00 / 1KG ",
      "onlineOnly": false
    },
    {
      "brand": "Woolworths",
      "productName": "Papa Giuseppi's Panini Tomato & Cheese 250g 2pk",
      "category": "Freezer",
      "imageURL": "https://cdn0.woolworths.media/content/wowproductimages/medium/733157.jpg",
      "discountedPrice": 2.5,
      "originalPrice": 5,
      "percent": 50,
      "savings": 2.5,
      "unitPrice": " $1.00 / 100G ",
      "onlineOnly": false
    },
    {
      "brand": "Woolworths",
      "productName": "Birds Eye Deli Squid Strips Lightly Seasoned 225g",
      "category": "Freezer",
      "imageURL": "https://cdn0.woolworths.media/content/wowproductimages/medium/115092.jpg",
      "discountedPrice": 7.2,
      "originalPrice": 9,
      "percent": 20,
      "savings": 1.8,
      "unitPrice": " $32.00 / 1KG ",
      "onlineOnly": false
    },
    {
      "brand": "Woolworths",
      "productName": "Ocean Chef Lightly Seasoned Squid Chip 360g",
      "category": "Freezer",
      "imageURL": "https://cdn0.woolworths.media/content/wowproductimages/medium/005400.jpg",
      "discountedPrice": 3.75,
      "originalPrice": 6,
      "percent": 38,
      "savings": 2.25,
      "unitPrice": " $10.42 / 1KG ",
      "onlineOnly": false
    },
    {
      "brand": "Woolworths",
      "productName": "Pampas Lemon Meringue Pies 4 pack",
      "category": "Freezer",
      "imageURL": "https://cdn0.woolworths.media/content/wowproductimages/medium/037320.jpg",
      "discountedPrice": 5,
      "originalPrice": 5.8,
      "percent": 14,
      "savings": 0.8,
      "unitPrice": " $1.25 / 100G ",
      "onlineOnly": false
    },
    {
      "brand": "Woolworths",
      "productName": "Mccain Dinner Roast Lamb 320g",
      "category": "Freezer",
      "imageURL": "https://cdn0.woolworths.media/content/wowproductimages/medium/093756.jpg",
      "discountedPrice": 4.8,
      "originalPrice": 6,
      "percent": 20,
      "savings": 1.2,
      "unitPrice": " $1.50 / 100G ",
      "onlineOnly": false
    },
    {
      "brand": "Woolworths",
      "productName": "Birds Eye Deli Roast Vegetables 600g",
      "category": "Freezer",
      "imageURL": "https://cdn0.woolworths.media/content/wowproductimages/medium/802639.jpg",
      "discountedPrice": 4,
      "originalPrice": 5,
      "percent": 20,
      "savings": 1,
      "unitPrice": " $6.67 / 1KG ",
      "onlineOnly": false
    },
    {
      "brand": "Woolworths",
      "productName": "Patties Sausage Roll Party 450g",
      "category": "Freezer",
      "imageURL": "https://cdn0.woolworths.media/content/wowproductimages/medium/030748.jpg",
      "discountedPrice": 4.25,
      "originalPrice": 8.5,
      "percent": 50,
      "savings": 4.25,
      "unitPrice": " $0.94 / 100G ",
      "onlineOnly": false
    },
    {
      "brand": "Woolworths",
      "productName": "Peters Drumstick Mini Boysen Berry Swirl 6 pack",
      "category": "Freezer",
      "imageURL": "https://cdn0.woolworths.media/content/wowproductimages/medium/051932.jpg",
      "discountedPrice": 5,
      "originalPrice": 8.4,
      "percent": 40,
      "savings": 3.4,
      "unitPrice": " $1.04 / 100ML ",
      "onlineOnly": false
    },
    {
      "brand": "Woolworths",
      "productName": "Mccain Dinner Chicken Parmagiana 320g",
      "category": "Freezer",
      "imageURL": "https://cdn0.woolworths.media/content/wowproductimages/medium/052372.jpg",
      "discountedPrice": 4.8,
      "originalPrice": 6,
      "percent": 20,
      "savings": 1.2,
      "unitPrice": " $1.50 / 100G ",
      "onlineOnly": false
    },
    {
      "brand": "Woolworths",
      "productName": "Get Vegged Vegan Vegetable Burger 300g",
      "category": "Freezer",
      "imageURL": "https://cdn0.woolworths.media/content/wowproductimages/medium/081978.jpg",
      "discountedPrice": 5.5,
      "originalPrice": 6.5,
      "percent": 15,
      "savings": 1,
      "unitPrice": " $1.83 / 100G ",
      "onlineOnly": false
    },
    {
      "brand": "Woolworths",
      "productName": "Birds Eye Potato Gems 1kg",
      "category": "Freezer",
      "imageURL": "https://cdn0.woolworths.media/content/wowproductimages/medium/096403.jpg",
      "discountedPrice": 3.4,
      "originalPrice": 4.3,
      "percent": 21,
      "savings": 0.9,
      "unitPrice": " $3.40 / 1KG ",
      "onlineOnly": false
    },
    {
      "brand": "Woolworths",
      "productName": "Mccain Lasagne 400g",
      "category": "Freezer",
      "imageURL": "https://cdn0.woolworths.media/content/wowproductimages/medium/096822.jpg",
      "discountedPrice": 3.5,
      "originalPrice": 4.5,
      "percent": 22,
      "savings": 1,
      "unitPrice": " $0.88 / 100G ",
      "onlineOnly": false
    },
    {
      "brand": "Woolworths",
      "productName": "Streets Paddle Pop Banana 8 pack",
      "category": "Freezer",
      "imageURL": "https://cdn0.woolworths.media/content/wowproductimages/medium/106304.jpg",
      "discountedPrice": 5,
      "originalPrice": 7,
      "percent": 29,
      "savings": 2,
      "unitPrice": " $0.92 / 100ML ",
      "onlineOnly": false
    },
    {
      "brand": "Woolworths",
      "productName": "Peters Drumstick Caramel 4 pack",
      "category": "Freezer",
      "imageURL": "https://cdn0.woolworths.media/content/wowproductimages/medium/158311.jpg",
      "discountedPrice": 5,
      "originalPrice": 8.4,
      "percent": 40,
      "savings": 3.4,
      "unitPrice": " $1.05 / 100ML ",
      "onlineOnly": false
    },
    {
      "brand": "Woolworths",
      "productName": "Woolworths Crumbed Prawn Cutlets 500g",
      "category": "Freezer",
      "imageURL": "https://cdn0.woolworths.media/content/wowproductimages/medium/445351.jpg",
      "discountedPrice": 8,
      "originalPrice": 8.5,
      "percent": 6,
      "savings": 0.5,
      "unitPrice": " $16.00 / 1KG ",
      "onlineOnly": false
    },
    {
      "brand": "Woolworths",
      "productName": "Woolworths Vanilla Ice Cream Sticks 4 pack",
      "category": "Freezer",
      "imageURL": "https://cdn0.woolworths.media/content/wowproductimages/medium/551853.jpg",
      "discountedPrice": 3.3,
      "originalPrice": 3.8,
      "percent": 13,
      "savings": 0.5,
      "unitPrice": " $0.78 / 100ML ",
      "onlineOnly": false
    },
    {
      "brand": "Woolworths",
      "productName": "Hong Kong Dim Sim Kitchen Bbq Pork Buns 200g",
      "category": "Freezer",
      "imageURL": "https://cdn0.woolworths.media/content/wowproductimages/medium/659505.jpg",
      "discountedPrice": 2.5,
      "originalPrice": 5,
      "percent": 50,
      "savings": 2.5,
      "unitPrice": " $1.25 / 100G ",
      "onlineOnly": false
    },
    {
      "brand": "Woolworths",
      "productName": "Mccain Herb & Parmesan Chicken Schnitzel 310g",
      "category": "Freezer",
      "imageURL": "https://cdn0.woolworths.media/content/wowproductimages/medium/661385.jpg",
      "discountedPrice": 4.8,
      "originalPrice": 6,
      "percent": 20,
      "savings": 1.2,
      "unitPrice": " $1.55 / 100G ",
      "onlineOnly": false
    },
    {
      "brand": "Woolworths",
      "productName": "Sara Lee Apple Danish 400g",
      "category": "Freezer",
      "imageURL": "https://cdn0.woolworths.media/content/wowproductimages/medium/724749.jpg",
      "discountedPrice": 4,
      "originalPrice": 6.25,
      "percent": 36,
      "savings": 2.25,
      "unitPrice": " $1.00 / 100G ",
      "onlineOnly": false
    },
    {
      "brand": "Woolworths",
      "productName": "Steggles Chicken Breast Tenders Crumbed 1kg",
      "category": "Freezer",
      "imageURL": "https://cdn0.woolworths.media/content/wowproductimages/medium/001221.jpg",
      "discountedPrice": 8.8,
      "originalPrice": 11,
      "percent": 20,
      "savings": 2.2,
      "unitPrice": " $8.80 / 1KG ",
      "onlineOnly": false
    },
    {
      "brand": "Woolworths",
      "productName": "Ocean Chef Steamed Fish Fillets Olive Oil Garlic & Herbs 350g",
      "category": "Freezer",
      "imageURL": "https://cdn0.woolworths.media/content/wowproductimages/medium/005268.jpg",
      "discountedPrice": 4.5,
      "originalPrice": 8.5,
      "percent": 47,
      "savings": 4,
      "unitPrice": " $12.86 / 1KG ",
      "onlineOnly": false
    },
    {
      "brand": "Woolworths",
      "productName": "Ocean Chef Steamed Fish Fillets Coconut Chilli & Lime 350g",
      "category": "Freezer",
      "imageURL": "https://cdn0.woolworths.media/content/wowproductimages/medium/005298.jpg",
      "discountedPrice": 4.5,
      "originalPrice": 8.5,
      "percent": 47,
      "savings": 4,
      "unitPrice": " $12.86 / 1KG ",
      "onlineOnly": false
    },
    {
      "brand": "Woolworths",
      "productName": "Ocean Chef Flathead In Crunchy Batter 500g",
      "category": "Freezer",
      "imageURL": "https://cdn0.woolworths.media/content/wowproductimages/medium/005371.jpg",
      "discountedPrice": 8,
      "originalPrice": 10,
      "percent": 20,
      "savings": 2,
      "unitPrice": " $16.00 / 1KG ",
      "onlineOnly": false
    },
    {
      "brand": "Woolworths",
      "productName": "Peters Drumstick Super Chocolate 4 pack",
      "category": "Freezer",
      "imageURL": "https://cdn0.woolworths.media/content/wowproductimages/medium/007282.jpg",
      "discountedPrice": 5,
      "originalPrice": 8.4,
      "percent": 40,
      "savings": 3.4,
      "unitPrice": " $1.05 / 100ML ",
      "onlineOnly": false
    },
    {
      "brand": "Woolworths",
      "productName": "Bulla Crunch Double Choc 8 pack",
      "category": "Freezer",
      "imageURL": "https://cdn0.woolworths.media/content/wowproductimages/medium/009772.jpg",
      "discountedPrice": 5,
      "originalPrice": 7,
      "percent": 29,
      "savings": 2,
      "unitPrice": " $0.79 / 100ML ",
      "onlineOnly": false
    },
    {
      "brand": "Woolworths",
      "productName": "Sara Lee Ice Cream French Vanilla 1l tub",
      "category": "Freezer",
      "imageURL": "https://cdn0.woolworths.media/content/wowproductimages/medium/012311.jpg",
      "discountedPrice": 4.5,
      "originalPrice": 9,
      "percent": 50,
      "savings": 4.5,
      "unitPrice": " $0.45 / 100ML ",
      "onlineOnly": false
    },
    {
      "brand": "Woolworths",
      "productName": "Sara Lee Ice Cream Classic Ultra Chocolate 1l tub",
      "category": "Freezer",
      "imageURL": "https://cdn0.woolworths.media/content/wowproductimages/medium/012347.jpg",
      "discountedPrice": 4.5,
      "originalPrice": 9,
      "percent": 50,
      "savings": 4.5,
      "unitPrice": " $0.45 / 100ML ",
      "onlineOnly": false
    },
    {
      "brand": "Woolworths",
      "productName": "Mccain Straight Cut Healthy Choice 1kg",
      "category": "Freezer",
      "imageURL": "https://cdn0.woolworths.media/content/wowproductimages/medium/016536.jpg",
      "discountedPrice": 3,
      "originalPrice": 4.3,
      "percent": 30,
      "savings": 1.3,
      "unitPrice": " $3.00 / 1KG ",
      "onlineOnly": false
    },
    {
      "brand": "Woolworths",
      "productName": "Just Caught Crumbed Pollock Fillets 1kg",
      "category": "Freezer",
      "imageURL": "https://cdn0.woolworths.media/content/wowproductimages/medium/019341.jpg",
      "discountedPrice": 10,
      "originalPrice": 12,
      "percent": 17,
      "savings": 2,
      "unitPrice": " $10.00 / 1KG ",
      "onlineOnly": false
    },
    {
      "brand": "Woolworths",
      "productName": "Mccain Fettuccine Carbonara 375g",
      "category": "Freezer",
      "imageURL": "https://cdn0.woolworths.media/content/wowproductimages/medium/022183.jpg",
      "discountedPrice": 3.5,
      "originalPrice": 4.5,
      "percent": 22,
      "savings": 1,
      "unitPrice": " $0.93 / 100G ",
      "onlineOnly": false
    },
    {
      "brand": "Woolworths",
      "productName": "Mccain Dinner Veal Cordon Bleu 320g",
      "category": "Freezer",
      "imageURL": "https://cdn0.woolworths.media/content/wowproductimages/medium/022349.jpg",
      "discountedPrice": 4.8,
      "originalPrice": 6,
      "percent": 20,
      "savings": 1.2,
      "unitPrice": " $1.50 / 100G ",
      "onlineOnly": false
    },
    {
      "brand": "Woolworths",
      "productName": "Sara Lee Family Pies & Desserts Apple Pie 600g",
      "category": "Freezer",
      "imageURL": "https://cdn0.woolworths.media/content/wowproductimages/medium/023058.jpg",
      "discountedPrice": 4,
      "originalPrice": 6.25,
      "percent": 36,
      "savings": 2.25,
      "unitPrice": " $0.67 / 100G ",
      "onlineOnly": false
    },
    {
      "brand": "Woolworths",
      "productName": "Bulla Choc Bars Vanilla 10 pack",
      "category": "Freezer",
      "imageURL": "https://cdn0.woolworths.media/content/wowproductimages/medium/041430.jpg",
      "discountedPrice": 5,
      "originalPrice": 7,
      "percent": 29,
      "savings": 2,
      "unitPrice": " $0.65 / 100ML ",
      "onlineOnly": false
    },
    {
      "brand": "Woolworths",
      "productName": "Peters Drumstick Ice Cream Vanilla 4 pack",
      "category": "Freezer",
      "imageURL": "https://cdn0.woolworths.media/content/wowproductimages/medium/048387.jpg",
      "discountedPrice": 5,
      "originalPrice": 8.4,
      "percent": 40,
      "savings": 3.4,
      "unitPrice": " $1.05 / 100ML ",
      "onlineOnly": false
    },
    {
      "brand": "Woolworths",
      "productName": "Streets Blue Ribbon Creamy Chocolate Protein Bar 4 pack",
      "category": "Freezer",
      "imageURL": "https://cdn0.woolworths.media/content/wowproductimages/medium/053825.jpg",
      "discountedPrice": 7,
      "originalPrice": 10,
      "percent": 30,
      "savings": 3,
      "unitPrice": " $2.61 / 100ML ",
      "onlineOnly": false
    },
    {
      "brand": "Woolworths",
      "productName": "Vegie Delights Meatless Meatballs 300g",
      "category": "Freezer",
      "imageURL": "https://cdn0.woolworths.media/content/wowproductimages/medium/054331.jpg",
      "discountedPrice": 5,
      "originalPrice": 6,
      "percent": 17,
      "savings": 1,
      "unitPrice": " $1.67 / 100G ",
      "onlineOnly": false
    },
    {
      "brand": "Woolworths",
      "productName": "Fry's Vegan Fishless Fillet 240g",
      "category": "Freezer",
      "imageURL": "https://cdn0.woolworths.media/content/wowproductimages/medium/055943.jpg",
      "discountedPrice": 4,
      "originalPrice": 6,
      "percent": 33,
      "savings": 2,
      "unitPrice": " $1.67 / 100G ",
      "onlineOnly": false
    },
    {
      "brand": "Woolworths",
      "productName": "Street Foodie Spring Rolls Cocktail 1kg",
      "category": "Freezer",
      "imageURL": "https://cdn0.woolworths.media/content/wowproductimages/medium/056909.jpg",
      "discountedPrice": 7,
      "originalPrice": 10,
      "percent": 30,
      "savings": 3,
      "unitPrice": " $0.70 / 100G ",
      "onlineOnly": false
    },
    {
      "brand": "Woolworths",
      "productName": "Street Foodie Dynasty Banquet 1kg",
      "category": "Freezer",
      "imageURL": "https://cdn0.woolworths.media/content/wowproductimages/medium/056985.jpg",
      "discountedPrice": 7,
      "originalPrice": 10,
      "percent": 30,
      "savings": 3,
      "unitPrice": " $0.70 / 100G ",
      "onlineOnly": false
    },
    {
      "brand": "Woolworths",
      "productName": "Patties Vegan Friendly Rolls 450g",
      "category": "Freezer",
      "imageURL": "https://cdn0.woolworths.media/content/wowproductimages/medium/062046.jpg",
      "discountedPrice": 4.25,
      "originalPrice": 8.5,
      "percent": 50,
      "savings": 4.25,
      "unitPrice": " $0.94 / 100G ",
      "onlineOnly": false
    },
    {
      "brand": "Woolworths",
      "productName": "Sara Lee Dulce De Leche Ice Cream Tub 1l",
      "category": "Freezer",
      "imageURL": "https://cdn0.woolworths.media/content/wowproductimages/medium/063571.jpg",
      "discountedPrice": 4.5,
      "originalPrice": 9,
      "percent": 50,
      "savings": 4.5,
      "unitPrice": " $0.45 / 100ML ",
      "onlineOnly": false
    },
    {
      "brand": "Woolworths",
      "productName": "Fitness Outcomes Beef Bolognese 350g",
      "category": "Freezer",
      "imageURL": "https://cdn0.woolworths.media/content/wowproductimages/medium/072545.jpg",
      "discountedPrice": 8,
      "originalPrice": 9,
      "percent": 11,
      "savings": 1,
      "unitPrice": " $2.29 / 100G ",
      "onlineOnly": false
    },
    {
      "brand": "Woolworths",
      "productName": "Fitness Outcomes Beef Chilli Con Carne 350g",
      "category": "Freezer",
      "imageURL": "https://cdn0.woolworths.media/content/wowproductimages/medium/072566.jpg",
      "discountedPrice": 8,
      "originalPrice": 9,
      "percent": 11,
      "savings": 1,
      "unitPrice": " $2.29 / 100G ",
      "onlineOnly": false
    },
    {
      "brand": "Woolworths",
      "productName": "Fitness Outcomes Open Chicken Burrito 350g",
      "category": "Freezer",
      "imageURL": "https://cdn0.woolworths.media/content/wowproductimages/medium/072665.jpg",
      "discountedPrice": 8,
      "originalPrice": 9,
      "percent": 11,
      "savings": 1,
      "unitPrice": " $2.29 / 100G ",
      "onlineOnly": false
    },
    {
      "brand": "Woolworths",
      "productName": "Fitness Outcomes Cashew Chicken & Vegetable Stir Fry 350g",
      "category": "Freezer",
      "imageURL": "https://cdn0.woolworths.media/content/wowproductimages/medium/072676.jpg",
      "discountedPrice": 8,
      "originalPrice": 9,
      "percent": 11,
      "savings": 1,
      "unitPrice": " $2.29 / 100G ",
      "onlineOnly": false
    },
    {
      "brand": "Woolworths",
      "productName": "Streets Magnum Luxe Salted Caramel Tub 440ml",
      "category": "Freezer",
      "imageURL": "https://cdn0.woolworths.media/content/wowproductimages/medium/072880.jpg",
      "discountedPrice": 6.5,
      "originalPrice": 9,
      "percent": 28,
      "savings": 2.5,
      "unitPrice": " $1.48 / 100ML ",
      "onlineOnly": false
    },
    {
      "brand": "Woolworths",
      "productName": "Fitness Outcomes Portuguese Chicken 350g",
      "category": "Freezer",
      "imageURL": "https://cdn0.woolworths.media/content/wowproductimages/medium/073002.jpg",
      "discountedPrice": 8,
      "originalPrice": 9,
      "percent": 11,
      "savings": 1,
      "unitPrice": " $2.29 / 100G ",
      "onlineOnly": false
    },
    {
      "brand": "Woolworths",
      "productName": "Streets Magnum Luxe Chocolate Ganache Tub 440ml",
      "category": "Freezer",
      "imageURL": "https://cdn0.woolworths.media/content/wowproductimages/medium/074646.jpg",
      "discountedPrice": 6.5,
      "originalPrice": 9,
      "percent": 28,
      "savings": 2.5,
      "unitPrice": " $1.48 / 100ML ",
      "onlineOnly": false
    },
    {
      "brand": "Woolworths",
      "productName": "Patties Party Pies 12 pack",
      "category": "Freezer",
      "imageURL": "https://cdn0.woolworths.media/content/wowproductimages/medium/077888.jpg",
      "discountedPrice": 4.25,
      "originalPrice": 8.5,
      "percent": 50,
      "savings": 4.25,
      "unitPrice": " $0.76 / 100G ",
      "onlineOnly": false
    },
    {
      "brand": "Woolworths",
      "productName": "Della Rosa Stone Baked Ham & Pineapple Pizza 500g",
      "category": "Freezer",
      "imageURL": "https://cdn0.woolworths.media/content/wowproductimages/medium/082583.jpg",
      "discountedPrice": 5,
      "originalPrice": 6.5,
      "percent": 23,
      "savings": 1.5,
      "unitPrice": " $1.00 / 100G ",
      "onlineOnly": false
    },
    {
      "brand": "Woolworths",
      "productName": "Vegie Delights Crispy Chicken-style Burgers 300g",
      "category": "Freezer",
      "imageURL": "https://cdn0.woolworths.media/content/wowproductimages/medium/082597.jpg",
      "discountedPrice": 5,
      "originalPrice": 6,
      "percent": 17,
      "savings": 1,
      "unitPrice": " $1.67 / 100G ",
      "onlineOnly": false
    },
    {
      "brand": "Woolworths",
      "productName": "Dr. Oetker Ristorante Pizza Barbacoa 330g",
      "category": "Freezer",
      "imageURL": "https://cdn0.woolworths.media/content/wowproductimages/medium/082869.jpg",
      "discountedPrice": 6.5,
      "originalPrice": 7.5,
      "percent": 13,
      "savings": 1,
      "unitPrice": " $1.97 / 100G ",
      "onlineOnly": false
    },
    {
      "brand": "Woolworths",
      "productName": "Strength Meals Co Ripped Italian Meatballs 300g",
      "category": "Freezer",
      "imageURL": "https://cdn0.woolworths.media/content/wowproductimages/medium/085330.jpg",
      "discountedPrice": 7,
      "originalPrice": 8.5,
      "percent": 18,
      "savings": 1.5,
      "unitPrice": " $2.33 / 100G ",
      "onlineOnly": false
    },
    {
      "brand": "Woolworths",
      "productName": "Strength Meals Co Power Chicken Burrito 300g",
      "category": "Freezer",
      "imageURL": "https://cdn0.woolworths.media/content/wowproductimages/medium/085696.jpg",
      "discountedPrice": 7,
      "originalPrice": 8.5,
      "percent": 18,
      "savings": 1.5,
      "unitPrice": " $2.33 / 100G ",
      "onlineOnly": false
    },
    {
      "brand": "Woolworths",
      "productName": "Strength Meals Co Activate Thai Chicken Noodles 300g",
      "category": "Freezer",
      "imageURL": "https://cdn0.woolworths.media/content/wowproductimages/medium/085714.jpg",
      "discountedPrice": 7,
      "originalPrice": 8.5,
      "percent": 18,
      "savings": 1.5,
      "unitPrice": " $2.33 / 100G ",
      "onlineOnly": false
    },
    {
      "brand": "Woolworths",
      "productName": "Four'n Twenty Meat Free Pie 4 pack",
      "category": "Freezer",
      "imageURL": "https://cdn0.woolworths.media/content/wowproductimages/medium/087572.jpg",
      "discountedPrice": 7.5,
      "originalPrice": 9.5,
      "percent": 21,
      "savings": 2,
      "unitPrice": " $1.07 / 100G ",
      "onlineOnly": false
    },
    {
      "brand": "Woolworths",
      "productName": "Mccain Tuna Mornay 400g",
      "category": "Freezer",
      "imageURL": "https://cdn0.woolworths.media/content/wowproductimages/medium/089994.jpg",
      "discountedPrice": 3.5,
      "originalPrice": 4.5,
      "percent": 22,
      "savings": 1,
      "unitPrice": " $0.88 / 100G ",
      "onlineOnly": false
    },
    {
      "brand": "Woolworths",
      "productName": "Mccain Dinner Roast Chicken 320g",
      "category": "Freezer",
      "imageURL": "https://cdn0.woolworths.media/content/wowproductimages/medium/093758.jpg",
      "discountedPrice": 4.8,
      "originalPrice": 6,
      "percent": 20,
      "savings": 1.2,
      "unitPrice": " $1.50 / 100G ",
      "onlineOnly": false
    },
    {
      "brand": "Woolworths",
      "productName": "Peters Frosty Fruits Tropical 8 pack",
      "category": "Freezer",
      "imageURL": "https://cdn0.woolworths.media/content/wowproductimages/medium/096328.jpg",
      "discountedPrice": 5,
      "originalPrice": 7,
      "percent": 29,
      "savings": 2,
      "unitPrice": " $0.83 / 100ML ",
      "onlineOnly": false
    },
    {
      "brand": "Woolworths",
      "productName": "Mccain Spaghetti Bolognese 400g",
      "category": "Freezer",
      "imageURL": "https://cdn0.woolworths.media/content/wowproductimages/medium/096821.jpg",
      "discountedPrice": 3.5,
      "originalPrice": 4.5,
      "percent": 22,
      "savings": 1,
      "unitPrice": " $0.88 / 100G ",
      "onlineOnly": false
    },
    {
      "brand": "Woolworths",
      "productName": "Jase's Kitchen Gluten Free Spinach & Ricotta Rolls 2 pack",
      "category": "Freezer",
      "imageURL": "https://cdn0.woolworths.media/content/wowproductimages/medium/101599.jpg",
      "discountedPrice": 5.2,
      "originalPrice": 6.5,
      "percent": 20,
      "savings": 1.3,
      "unitPrice": " $2.00 / 100G ",
      "onlineOnly": false
    },
    {
      "brand": "Woolworths",
      "productName": "Earth Porkless Spring Rolls 250g",
      "category": "Freezer",
      "imageURL": "https://cdn0.woolworths.media/content/wowproductimages/medium/102879.jpg",
      "discountedPrice": 5.5,
      "originalPrice": 7,
      "percent": 21,
      "savings": 1.5,
      "unitPrice": " $2.20 / 100G ",
      "onlineOnly": false
    },
    {
      "brand": "Woolworths",
      "productName": "Jase's Kitchen Gluten Free Sausage Rolls 2 pack",
      "category": "Freezer",
      "imageURL": "https://cdn0.woolworths.media/content/wowproductimages/medium/103775.jpg",
      "discountedPrice": 5.2,
      "originalPrice": 6.5,
      "percent": 20,
      "savings": 1.3,
      "unitPrice": " $2.00 / 100G ",
      "onlineOnly": false
    },
    {
      "brand": "Woolworths",
      "productName": "Earth Chickenless Crumbed Bites 250g",
      "category": "Freezer",
      "imageURL": "https://cdn0.woolworths.media/content/wowproductimages/medium/104425.jpg",
      "discountedPrice": 5.5,
      "originalPrice": 7,
      "percent": 21,
      "savings": 1.5,
      "unitPrice": " $2.20 / 100G ",
      "onlineOnly": false
    },
    {
      "brand": "Woolworths",
      "productName": "Coca-cola Classic Soft Drink Bottle 1.25l",
      "category": "Drinks",
      "imageURL": "https://cdn0.woolworths.media/content/wowproductimages/medium/032731.jpg",
      "discountedPrice": 1.95,
      "originalPrice": 3.15,
      "percent": 38,
      "savings": 1.2,
      "unitPrice": " $1.56 / 1L ",
      "onlineOnly": false
    },
    {
      "brand": "Woolworths",
      "productName": "Sprite Lemonade Bottle 1.25l",
      "category": "Drinks",
      "imageURL": "https://cdn0.woolworths.media/content/wowproductimages/medium/095325.jpg",
      "discountedPrice": 1.95,
      "originalPrice": 2.6,
      "percent": 25,
      "savings": 0.65,
      "unitPrice": " $1.56 / 1L ",
      "onlineOnly": false
    },
    {
      "brand": "Woolworths",
      "productName": "Schweppes Solo Lemon Cans 24x375ml pack",
      "category": "Drinks",
      "imageURL": "https://cdn0.woolworths.media/content/wowproductimages/medium/162763.jpg",
      "discountedPrice": 18.55,
      "originalPrice": 24.55,
      "percent": 24,
      "savings": 6,
      "unitPrice": " $2.06 / 1L ",
      "onlineOnly": false
    },
    {
      "brand": "Woolworths",
      "productName": "Sunkist Sunkist Bottle 1.25l",
      "category": "Drinks",
      "imageURL": "https://cdn0.woolworths.media/content/wowproductimages/medium/012011.jpg",
      "discountedPrice": 1.3,
      "originalPrice": 2.35,
      "percent": 45,
      "savings": 1.05,
      "unitPrice": " $1.04 / 1L ",
      "onlineOnly": false
    },
    {
      "brand": "Woolworths",
      "productName": "Schweppes Lemonade Can 375ml x24 pack",
      "category": "Drinks",
      "imageURL": "https://cdn0.woolworths.media/content/wowproductimages/medium/162789.jpg",
      "discountedPrice": 18.55,
      "originalPrice": 24.55,
      "percent": 24,
      "savings": 6,
      "unitPrice": " $2.06 / 1L ",
      "onlineOnly": false
    },
    {
      "brand": "Woolworths",
      "productName": "Coca-cola Classic Soft Drink Multipack Cans 375ml x24 case",
      "category": "Drinks",
      "imageURL": "https://cdn0.woolworths.media/content/wowproductimages/medium/042605.jpg",
      "discountedPrice": 18.4,
      "originalPrice": 31.8,
      "percent": 42,
      "savings": 13.4,
      "unitPrice": " $2.04 / 1L ",
      "onlineOnly": false
    },
    {
      "brand": "Woolworths",
      "productName": "Golden Circle Juice Golden Pash Drink Multipack 6x250ml",
      "category": "Drinks",
      "imageURL": "https://cdn0.woolworths.media/content/wowproductimages/medium/007576.jpg",
      "discountedPrice": 3.8,
      "originalPrice": 4.5,
      "percent": 16,
      "savings": 0.7,
      "unitPrice": " $2.53 / 1L ",
      "onlineOnly": false
    },
    {
      "brand": "Woolworths",
      "productName": "Schweppes Solo Lemon Bottle 1.25l",
      "category": "Drinks",
      "imageURL": "https://cdn0.woolworths.media/content/wowproductimages/medium/032673.jpg",
      "discountedPrice": 1.3,
      "originalPrice": 2.35,
      "percent": 45,
      "savings": 1.05,
      "unitPrice": " $1.04 / 1L ",
      "onlineOnly": false
    },
    {
      "brand": "Woolworths",
      "productName": "Mountain Dew Soft Drink Energised Bottle 1.25l",
      "category": "Drinks",
      "imageURL": "https://cdn0.woolworths.media/content/wowproductimages/medium/727383.jpg",
      "discountedPrice": 1.3,
      "originalPrice": 2.35,
      "percent": 45,
      "savings": 1.05,
      "unitPrice": " $1.04 / 1L ",
      "onlineOnly": false
    },
    {
      "brand": "Woolworths",
      "productName": "Fanta Orange Bottle 1.25l",
      "category": "Drinks",
      "imageURL": "https://cdn0.woolworths.media/content/wowproductimages/medium/032812.jpg",
      "discountedPrice": 1.95,
      "originalPrice": 2.6,
      "percent": 25,
      "savings": 0.65,
      "unitPrice": " $1.56 / 1L ",
      "onlineOnly": false
    },
    {
      "brand": "Woolworths",
      "productName": "Bundaberg Ginger Beer 4x375ml",
      "category": "Drinks",
      "imageURL": "https://cdn0.woolworths.media/content/wowproductimages/medium/097471.jpg",
      "discountedPrice": 4.4,
      "originalPrice": 6.35,
      "percent": 31,
      "savings": 1.95,
      "unitPrice": " $2.93 / 1L ",
      "onlineOnly": false
    },
    {
      "brand": "Woolworths",
      "productName": "Coca-cola No Sugar Soft Drink Cans 375ml x24 case",
      "category": "Drinks",
      "imageURL": "https://cdn0.woolworths.media/content/wowproductimages/medium/669683.jpg",
      "discountedPrice": 18.4,
      "originalPrice": 31.8,
      "percent": 42,
      "savings": 13.4,
      "unitPrice": " $2.04 / 1L ",
      "onlineOnly": false
    },
    {
      "brand": "Woolworths",
      "productName": "Pepsi Max Cans 24x375ml",
      "category": "Drinks",
      "imageURL": "https://cdn0.woolworths.media/content/wowproductimages/medium/054291.jpg",
      "discountedPrice": 18.55,
      "originalPrice": 24.55,
      "percent": 24,
      "savings": 6,
      "unitPrice": " $2.06 / 1L ",
      "onlineOnly": false
    },
    {
      "brand": "Woolworths",
      "productName": "Waterfords Mineral Water Lemon Lime & Bitters 1l",
      "category": "Drinks",
      "imageURL": "https://cdn0.woolworths.media/content/wowproductimages/medium/672553.jpg",
      "discountedPrice": 1.2,
      "originalPrice": 2,
      "percent": 40,
      "savings": 0.8,
      "unitPrice": " $1.20 / 1L ",
      "onlineOnly": false
    },
    {
      "brand": "Woolworths",
      "productName": "Schweppes Raspberry Cans 10 x375ml",
      "category": "Drinks",
      "imageURL": "https://cdn0.woolworths.media/content/wowproductimages/medium/442187.jpg",
      "discountedPrice": 6.2,
      "originalPrice": 12.4,
      "percent": 50,
      "savings": 6.2,
      "unitPrice": " $1.65 / 1L ",
      "onlineOnly": false
    },
    {
      "brand": "Woolworths",
      "productName": "Coca-cola No Sugar Soft Drink Bottle 1.25l",
      "category": "Drinks",
      "imageURL": "https://cdn0.woolworths.media/content/wowproductimages/medium/623034.jpg",
      "discountedPrice": 1.95,
      "originalPrice": 3.15,
      "percent": 38,
      "savings": 1.2,
      "unitPrice": " $1.56 / 1L ",
      "onlineOnly": false
    },
    {
      "brand": "Woolworths",
      "productName": "Golden Circle Sunshine Punch Fruit Drink 1l",
      "category": "Drinks",
      "imageURL": "https://cdn0.woolworths.media/content/wowproductimages/medium/035498.jpg",
      "discountedPrice": 1.6,
      "originalPrice": 2.25,
      "percent": 29,
      "savings": 0.65,
      "unitPrice": " $1.60 / 1L ",
      "onlineOnly": false
    },
    {
      "brand": "Woolworths",
      "productName": "Mountain Dew Cans 375ml x24 case",
      "category": "Drinks",
      "imageURL": "https://cdn0.woolworths.media/content/wowproductimages/medium/062335.jpg",
      "discountedPrice": 18.55,
      "originalPrice": 24.55,
      "percent": 24,
      "savings": 6,
      "unitPrice": " $2.06 / 1L ",
      "onlineOnly": false
    },
    {
      "brand": "Woolworths",
      "productName": "Schweppes Lemon Lime & Bitters 4 x300ml",
      "category": "Drinks",
      "imageURL": "https://cdn0.woolworths.media/content/wowproductimages/medium/253766.jpg",
      "discountedPrice": 4,
      "originalPrice": 5.9,
      "percent": 32,
      "savings": 1.9,
      "unitPrice": " $3.33 / 1L ",
      "onlineOnly": false
    },
    {
      "brand": "Woolworths",
      "productName": "Waterfords Mineral Water Apple Berry 1l",
      "category": "Drinks",
      "imageURL": "https://cdn0.woolworths.media/content/wowproductimages/medium/672554.jpg",
      "discountedPrice": 1.2,
      "originalPrice": 2,
      "percent": 40,
      "savings": 0.8,
      "unitPrice": " $1.20 / 1L ",
      "onlineOnly": false
    },
    {
      "brand": "Woolworths",
      "productName": "Bundaberg Sparkling Guava Sparkling Drink 4x375ml",
      "category": "Drinks",
      "imageURL": "https://cdn0.woolworths.media/content/wowproductimages/medium/886812.jpg",
      "discountedPrice": 4.4,
      "originalPrice": 6.35,
      "percent": 31,
      "savings": 1.95,
      "unitPrice": " $2.93 / 1L ",
      "onlineOnly": false
    },
    {
      "brand": "Woolworths",
      "productName": "Powerade Berry Ice Flo Cap 600ml",
      "category": "Drinks",
      "imageURL": "https://cdn0.woolworths.media/content/wowproductimages/medium/365189.jpg",
      "discountedPrice": 1.8199999999999998,
      "originalPrice": 3.65,
      "percent": 50,
      "savings": 1.83,
      "unitPrice": " $3.03 / 1L ",
      "onlineOnly": false
    },
    {
      "brand": "Woolworths",
      "productName": "Powerade Mountain Blast Flo Cap 600ml",
      "category": "Drinks",
      "imageURL": "https://cdn0.woolworths.media/content/wowproductimages/medium/365190.jpg",
      "discountedPrice": 1.8199999999999998,
      "originalPrice": 3.65,
      "percent": 50,
      "savings": 1.83,
      "unitPrice": " $3.03 / 1L ",
      "onlineOnly": false
    },
    {
      "brand": "Woolworths",
      "productName": "Schweppes Solo Lemon Cans 10x375ml pack",
      "category": "Drinks",
      "imageURL": "https://cdn0.woolworths.media/content/wowproductimages/medium/442191.jpg",
      "discountedPrice": 6.2,
      "originalPrice": 12.4,
      "percent": 50,
      "savings": 6.2,
      "unitPrice": " $1.65 / 1L ",
      "onlineOnly": false
    },
    {
      "brand": "Woolworths",
      "productName": "Golden Circle Golden Pash Fruit Drink 1l",
      "category": "Drinks",
      "imageURL": "https://cdn0.woolworths.media/content/wowproductimages/medium/007556.jpg",
      "discountedPrice": 1.6,
      "originalPrice": 2.25,
      "percent": 29,
      "savings": 0.65,
      "unitPrice": " $1.60 / 1L ",
      "onlineOnly": false
    },
    {
      "brand": "Woolworths",
      "productName": "Golden Circle Drink Tropical 6x250ml",
      "category": "Drinks",
      "imageURL": "https://cdn0.woolworths.media/content/wowproductimages/medium/043802.jpg",
      "discountedPrice": 3.8,
      "originalPrice": 4.5,
      "percent": 16,
      "savings": 0.7,
      "unitPrice": " $2.53 / 1L ",
      "onlineOnly": false
    },
    {
      "brand": "Woolworths",
      "productName": "Mountain Dew No Sugar Bottle 1.25l",
      "category": "Drinks",
      "imageURL": "https://cdn0.woolworths.media/content/wowproductimages/medium/069142.jpg",
      "discountedPrice": 1.3,
      "originalPrice": 2.35,
      "percent": 45,
      "savings": 1.05,
      "unitPrice": " $1.04 / 1L ",
      "onlineOnly": false
    },
    {
      "brand": "Woolworths",
      "productName": "Pop Tops Apple Drink 250ml x6 pack",
      "category": "Drinks",
      "imageURL": "https://cdn0.woolworths.media/content/wowproductimages/medium/035849.jpg",
      "discountedPrice": 3.45,
      "originalPrice": 4.9,
      "percent": 30,
      "savings": 1.45,
      "unitPrice": " $2.30 / 1L ",
      "onlineOnly": false
    },
    {
      "brand": "Woolworths",
      "productName": "Bundaberg Burgundee Creaming Soda 4x375ml",
      "category": "Drinks",
      "imageURL": "https://cdn0.woolworths.media/content/wowproductimages/medium/886806.jpg",
      "discountedPrice": 4.4,
      "originalPrice": 6.35,
      "percent": 31,
      "savings": 1.95,
      "unitPrice": " $2.93 / 1L ",
      "onlineOnly": false
    },
    {
      "brand": "Woolworths",
      "productName": "Golden Circle Pineapple & Mango Fruit Drink 1l",
      "category": "Drinks",
      "imageURL": "https://cdn0.woolworths.media/content/wowproductimages/medium/034543.jpg",
      "discountedPrice": 1.6,
      "originalPrice": 2.25,
      "percent": 29,
      "savings": 0.65,
      "unitPrice": " $1.60 / 1L ",
      "onlineOnly": false
    },
    {
      "brand": "Woolworths",
      "productName": "Red Bull Energy Drink 4x250ml",
      "category": "Drinks",
      "imageURL": "https://cdn0.woolworths.media/content/wowproductimages/medium/162609.jpg",
      "discountedPrice": 7,
      "originalPrice": 10.85,
      "percent": 35,
      "savings": 3.85,
      "unitPrice": " $7.00 / 1L ",
      "onlineOnly": false
    },
    {
      "brand": "Woolworths",
      "productName": "Coca-cola Vanilla Bottle 1.25l",
      "category": "Drinks",
      "imageURL": "https://cdn0.woolworths.media/content/wowproductimages/medium/180941.jpg",
      "discountedPrice": 1.95,
      "originalPrice": 3.15,
      "percent": 38,
      "savings": 1.2,
      "unitPrice": " $1.56 / 1L ",
      "onlineOnly": false
    },
    {
      "brand": "Woolworths",
      "productName": "Powerade Zero Berry Ice Flo Cap 600ml",
      "category": "Drinks",
      "imageURL": "https://cdn0.woolworths.media/content/wowproductimages/medium/723452.jpg",
      "discountedPrice": 1.8199999999999998,
      "originalPrice": 3.65,
      "percent": 50,
      "savings": 1.83,
      "unitPrice": " $3.03 / 1L ",
      "onlineOnly": false
    },
    {
      "brand": "Woolworths",
      "productName": "Bundaberg Sparkling Passionfruit Sparkling Drink 4x375ml",
      "category": "Drinks",
      "imageURL": "https://cdn0.woolworths.media/content/wowproductimages/medium/886819.jpg",
      "discountedPrice": 4.4,
      "originalPrice": 6.35,
      "percent": 31,
      "savings": 1.95,
      "unitPrice": " $2.93 / 1L ",
      "onlineOnly": false
    },
    {
      "brand": "Woolworths",
      "productName": "Golden Circle Apple Raspberry Fruit Drink 6x250ml",
      "category": "Drinks",
      "imageURL": "https://cdn0.woolworths.media/content/wowproductimages/medium/049967.jpg",
      "discountedPrice": 3.8,
      "originalPrice": 4.5,
      "percent": 16,
      "savings": 0.7,
      "unitPrice": " $2.53 / 1L ",
      "onlineOnly": false
    },
    {
      "brand": "Woolworths",
      "productName": "Pepsi Bottle 1.25l",
      "category": "Drinks",
      "imageURL": "https://cdn0.woolworths.media/content/wowproductimages/medium/035808.jpg",
      "discountedPrice": 1.3,
      "originalPrice": 2.35,
      "percent": 45,
      "savings": 1.05,
      "unitPrice": " $1.04 / 1L ",
      "onlineOnly": false
    },
    {
      "brand": "Woolworths",
      "productName": "Golden Circle Apple Fruit Drink Multipack 6x250ml",
      "category": "Drinks",
      "imageURL": "https://cdn0.woolworths.media/content/wowproductimages/medium/094950.jpg",
      "discountedPrice": 3.8,
      "originalPrice": 4.5,
      "percent": 16,
      "savings": 0.7,
      "unitPrice": " $2.53 / 1L ",
      "onlineOnly": false
    },
    {
      "brand": "Woolworths",
      "productName": "Pepsi Max Bottle 1.25l",
      "category": "Drinks",
      "imageURL": "https://cdn0.woolworths.media/content/wowproductimages/medium/007985.jpg",
      "discountedPrice": 1.3,
      "originalPrice": 2.35,
      "percent": 45,
      "savings": 1.05,
      "unitPrice": " $1.04 / 1L ",
      "onlineOnly": false
    },
    {
      "brand": "Woolworths",
      "productName": "Sprite No Sugar Bottle 1.25l",
      "category": "Drinks",
      "imageURL": "https://cdn0.woolworths.media/content/wowproductimages/medium/062170.jpg",
      "discountedPrice": 1.95,
      "originalPrice": 2.6,
      "percent": 25,
      "savings": 0.65,
      "unitPrice": " $1.56 / 1L ",
      "onlineOnly": false
    },
    {
      "brand": "Woolworths",
      "productName": "Pepsi Max Mango Cans 375ml x10 pack",
      "category": "Drinks",
      "imageURL": "https://cdn0.woolworths.media/content/wowproductimages/medium/112971.jpg",
      "discountedPrice": 6.2,
      "originalPrice": 12.4,
      "percent": 50,
      "savings": 6.2,
      "unitPrice": " $1.65 / 1L ",
      "onlineOnly": false
    },
    {
      "brand": "Woolworths",
      "productName": "Frantelle Still Spring Water 24x600ml",
      "category": "Drinks",
      "imageURL": "https://cdn0.woolworths.media/content/wowproductimages/medium/219582.jpg",
      "discountedPrice": 11,
      "originalPrice": 15,
      "percent": 27,
      "savings": 4,
      "unitPrice": " $0.76 / 1L ",
      "onlineOnly": false
    },
    {
      "brand": "Woolworths",
      "productName": "Golden Circle Apple Splash Fruit Drink Fruit Drink 1l",
      "category": "Drinks",
      "imageURL": "https://cdn0.woolworths.media/content/wowproductimages/medium/534560.jpg",
      "discountedPrice": 1.6,
      "originalPrice": 2.25,
      "percent": 29,
      "savings": 0.65,
      "unitPrice": " $1.60 / 1L ",
      "onlineOnly": false
    },
    {
      "brand": "Woolworths",
      "productName": "Solo Zero Sugar 10x375ml",
      "category": "Drinks",
      "imageURL": "https://cdn0.woolworths.media/content/wowproductimages/medium/676314.jpg",
      "discountedPrice": 6.2,
      "originalPrice": 12.4,
      "percent": 50,
      "savings": 6.2,
      "unitPrice": " $1.65 / 1L ",
      "onlineOnly": false
    },
    {
      "brand": "Woolworths",
      "productName": "Sprite No Sugar Cans 10x375ml pack",
      "category": "Drinks",
      "imageURL": "https://cdn0.woolworths.media/content/wowproductimages/medium/793280.jpg",
      "discountedPrice": 9.45,
      "originalPrice": 13.75,
      "percent": 31,
      "savings": 4.3,
      "unitPrice": " $2.52 / 1L ",
      "onlineOnly": false
    },
    {
      "brand": "Woolworths",
      "productName": "Pop Tops Apple Blackcurrant Drink 250ml x6 pack",
      "category": "Drinks",
      "imageURL": "https://cdn0.woolworths.media/content/wowproductimages/medium/103984.jpg",
      "discountedPrice": 3.45,
      "originalPrice": 4.9,
      "percent": 30,
      "savings": 1.45,
      "unitPrice": " $2.30 / 1L ",
      "onlineOnly": false
    },
    {
      "brand": "Woolworths",
      "productName": "Bundaberg Tropical Mango Sparkling Drink 4x375ml",
      "category": "Drinks",
      "imageURL": "https://cdn0.woolworths.media/content/wowproductimages/medium/652009.jpg",
      "discountedPrice": 4.4,
      "originalPrice": 6.35,
      "percent": 31,
      "savings": 1.95,
      "unitPrice": " $2.93 / 1L ",
      "onlineOnly": false
    },
    {
      "brand": "Woolworths",
      "productName": "Mildura Orange Fruit Drink 3l",
      "category": "Drinks",
      "imageURL": "https://cdn0.woolworths.media/content/wowproductimages/medium/739656.jpg",
      "discountedPrice": 4.15,
      "originalPrice": 4.95,
      "percent": 16,
      "savings": 0.8,
      "unitPrice": " $1.38 / 1L ",
      "onlineOnly": false
    },
    {
      "brand": "Woolworths",
      "productName": "Coca-cola Bottles 4x300ml",
      "category": "Drinks",
      "imageURL": "https://cdn0.woolworths.media/content/wowproductimages/medium/822719.jpg",
      "discountedPrice": 5,
      "originalPrice": 7.7,
      "percent": 35,
      "savings": 2.7,
      "unitPrice": " $4.17 / 1L ",
      "onlineOnly": false
    },
    {
      "brand": "Woolworths",
      "productName": "Mountain Dew Energised No Sugar Cans 375ml x10 case",
      "category": "Drinks",
      "imageURL": "https://cdn0.woolworths.media/content/wowproductimages/medium/068084.jpg",
      "discountedPrice": 6.2,
      "originalPrice": 12.4,
      "percent": 50,
      "savings": 6.2,
      "unitPrice": " $1.65 / 1L ",
      "onlineOnly": false
    },
    {
      "brand": "Woolworths",
      "productName": "Ceda Classic Creaming Soda 1.25l",
      "category": "Drinks",
      "imageURL": "https://cdn0.woolworths.media/content/wowproductimages/medium/082081.jpg",
      "discountedPrice": 1.15,
      "originalPrice": 1.55,
      "percent": 26,
      "savings": 0.4,
      "unitPrice": " $0.92 / 1L ",
      "onlineOnly": false
    },
    {
      "brand": "Woolworths",
      "productName": "Ceda Creaming Soda Lime 1.25l",
      "category": "Drinks",
      "imageURL": "https://cdn0.woolworths.media/content/wowproductimages/medium/082202.jpg",
      "discountedPrice": 1.15,
      "originalPrice": 1.55,
      "percent": 26,
      "savings": 0.4,
      "unitPrice": " $0.92 / 1L ",
      "onlineOnly": false
    },
    {
      "brand": "Woolworths",
      "productName": "Sunkist Cans 24x375ml pack",
      "category": "Drinks",
      "imageURL": "https://cdn0.woolworths.media/content/wowproductimages/medium/162788.jpg",
      "discountedPrice": 18.55,
      "originalPrice": 24.55,
      "percent": 24,
      "savings": 6,
      "unitPrice": " $2.06 / 1L ",
      "onlineOnly": false
    },
    {
      "brand": "Woolworths",
      "productName": "Bundaberg Ginger Beer 10x375ml",
      "category": "Drinks",
      "imageURL": "https://cdn0.woolworths.media/content/wowproductimages/medium/203552.jpg",
      "discountedPrice": 10,
      "originalPrice": 14.95,
      "percent": 33,
      "savings": 4.95,
      "unitPrice": " $2.67 / 1L ",
      "onlineOnly": false
    },
    {
      "brand": "Woolworths",
      "productName": "Coca-cola Mini Bottles 12x300ml pack",
      "category": "Drinks",
      "imageURL": "https://cdn0.woolworths.media/content/wowproductimages/medium/313019.jpg",
      "discountedPrice": 10,
      "originalPrice": 15.95,
      "percent": 37,
      "savings": 5.95,
      "unitPrice": " $2.78 / 1L ",
      "onlineOnly": false
    },
    {
      "brand": "Woolworths",
      "productName": "Lipton Ice Tea Mango 1.5l",
      "category": "Drinks",
      "imageURL": "https://cdn0.woolworths.media/content/wowproductimages/medium/317793.jpg",
      "discountedPrice": 3.15,
      "originalPrice": 3.95,
      "percent": 20,
      "savings": 0.8,
      "unitPrice": " $2.10 / 1L ",
      "onlineOnly": false
    },
    {
      "brand": "Woolworths",
      "productName": "Powerade Gold Rush Flo Cap 600ml",
      "category": "Drinks",
      "imageURL": "https://cdn0.woolworths.media/content/wowproductimages/medium/365186.jpg",
      "discountedPrice": 1.8199999999999998,
      "originalPrice": 3.65,
      "percent": 50,
      "savings": 1.83,
      "unitPrice": " $3.03 / 1L ",
      "onlineOnly": false
    },
    {
      "brand": "Woolworths",
      "productName": "Powerade Lemon Lime Flo Cap 600ml",
      "category": "Drinks",
      "imageURL": "https://cdn0.woolworths.media/content/wowproductimages/medium/365548.jpg",
      "discountedPrice": 1.8199999999999998,
      "originalPrice": 3.65,
      "percent": 50,
      "savings": 1.83,
      "unitPrice": " $3.03 / 1L ",
      "onlineOnly": false
    },
    {
      "brand": "Woolworths",
      "productName": "Schweppes Lemonade Cans 10 x375ml",
      "category": "Drinks",
      "imageURL": "https://cdn0.woolworths.media/content/wowproductimages/medium/442185.jpg",
      "discountedPrice": 6.2,
      "originalPrice": 12.4,
      "percent": 50,
      "savings": 6.2,
      "unitPrice": " $1.65 / 1L ",
      "onlineOnly": false
    },
    {
      "brand": "Woolworths",
      "productName": "Schweppes Lemonade Zero Sugar 10 x375ml",
      "category": "Drinks",
      "imageURL": "https://cdn0.woolworths.media/content/wowproductimages/medium/676278.jpg",
      "discountedPrice": 6.2,
      "originalPrice": 12.4,
      "percent": 50,
      "savings": 6.2,
      "unitPrice": " $1.65 / 1L ",
      "onlineOnly": false
    },
    {
      "brand": "Woolworths",
      "productName": "Coca-cola No Sugar Bottle 4x300ml",
      "category": "Drinks",
      "imageURL": "https://cdn0.woolworths.media/content/wowproductimages/medium/822757.jpg",
      "discountedPrice": 5,
      "originalPrice": 7.7,
      "percent": 35,
      "savings": 2.7,
      "unitPrice": " $4.17 / 1L ",
      "onlineOnly": false
    },
    {
      "brand": "Woolworths",
      "productName": "Bundaberg Pineapple & Coconut Sparkling Drink 375ml x4 pack",
      "category": "Drinks",
      "imageURL": "https://cdn0.woolworths.media/content/wowproductimages/medium/886824.jpg",
      "discountedPrice": 4.4,
      "originalPrice": 6.35,
      "percent": 31,
      "savings": 1.95,
      "unitPrice": " $2.93 / 1L ",
      "onlineOnly": false
    },
    {
      "brand": "Woolworths",
      "productName": "Red Bull Energy Drink The Tropical Edition 250ml 4pk",
      "category": "Drinks",
      "imageURL": "https://cdn0.woolworths.media/content/wowproductimages/medium/948527.jpg",
      "discountedPrice": 7,
      "originalPrice": 10.85,
      "percent": 35,
      "savings": 3.85,
      "unitPrice": " $7.00 / 1L ",
      "onlineOnly": false
    },
    {
      "brand": "Woolworths",
      "productName": "Pepsi Cans 24x375ml",
      "category": "Drinks",
      "imageURL": "https://cdn0.woolworths.media/content/wowproductimages/medium/014310.jpg",
      "discountedPrice": 18.55,
      "originalPrice": 24.55,
      "percent": 24,
      "savings": 6,
      "unitPrice": " $2.06 / 1L ",
      "onlineOnly": false
    },
    {
      "brand": "Woolworths",
      "productName": "Golden Circle Orange Fruit Drink 1l",
      "category": "Drinks",
      "imageURL": "https://cdn0.woolworths.media/content/wowproductimages/medium/032747.jpg",
      "discountedPrice": 1.6,
      "originalPrice": 2.25,
      "percent": 29,
      "savings": 0.65,
      "unitPrice": " $1.60 / 1L ",
      "onlineOnly": false
    },
    {
      "brand": "Woolworths",
      "productName": "Powerade Active Water Apple & Peach 600ml",
      "category": "Drinks",
      "imageURL": "https://cdn0.woolworths.media/content/wowproductimages/medium/051557.jpg",
      "discountedPrice": 1.8199999999999998,
      "originalPrice": 3.65,
      "percent": 50,
      "savings": 1.83,
      "unitPrice": " $3.03 / 1L ",
      "onlineOnly": false
    },
    {
      "brand": "Woolworths",
      "productName": "Red Bull Energy Drink Sugar Free 4x250ml",
      "category": "Drinks",
      "imageURL": "https://cdn0.woolworths.media/content/wowproductimages/medium/226913.jpg",
      "discountedPrice": 7,
      "originalPrice": 10.85,
      "percent": 35,
      "savings": 3.85,
      "unitPrice": " $7.00 / 1L ",
      "onlineOnly": false
    },
    {
      "brand": "Woolworths",
      "productName": "Bundaberg Sarsaparilla 4x375ml",
      "category": "Drinks",
      "imageURL": "https://cdn0.woolworths.media/content/wowproductimages/medium/229039.jpg",
      "discountedPrice": 4.4,
      "originalPrice": 6.35,
      "percent": 31,
      "savings": 1.95,
      "unitPrice": " $2.93 / 1L ",
      "onlineOnly": false
    },
    {
      "brand": "Woolworths",
      "productName": "Powerade Blackcurrant Flo Cap 600ml",
      "category": "Drinks",
      "imageURL": "https://cdn0.woolworths.media/content/wowproductimages/medium/279908.jpg",
      "discountedPrice": 1.8199999999999998,
      "originalPrice": 3.65,
      "percent": 50,
      "savings": 1.83,
      "unitPrice": " $3.03 / 1L ",
      "onlineOnly": false
    },
    {
      "brand": "Woolworths",
      "productName": "Lucozade Orange Energy Drink 380ml",
      "category": "Drinks",
      "imageURL": "https://cdn0.woolworths.media/content/wowproductimages/medium/769415.jpg",
      "discountedPrice": 2.65,
      "originalPrice": 3,
      "percent": 12,
      "savings": 0.35,
      "unitPrice": " $6.97 / 1L ",
      "onlineOnly": false
    },
    {
      "brand": "Woolworths",
      "productName": "Fanta Orange Cans 375ml x10 carton",
      "category": "Drinks",
      "imageURL": "https://cdn0.woolworths.media/content/wowproductimages/medium/793311.jpg",
      "discountedPrice": 9.45,
      "originalPrice": 13.75,
      "percent": 31,
      "savings": 4.3,
      "unitPrice": " $2.52 / 1L ",
      "onlineOnly": false
    },
    {
      "brand": "Woolworths",
      "productName": "Golden Circle Sparkling Apple 4x250ml",
      "category": "Drinks",
      "imageURL": "https://cdn0.woolworths.media/content/wowproductimages/medium/826466.jpg",
      "discountedPrice": 4.8,
      "originalPrice": 6.4,
      "percent": 25,
      "savings": 1.6,
      "unitPrice": " $4.80 / 1L ",
      "onlineOnly": false
    },
    {
      "brand": "Woolworths",
      "productName": "Golden Circle Tropical Punch Fruit Drink 1l",
      "category": "Drinks",
      "imageURL": "https://cdn0.woolworths.media/content/wowproductimages/medium/033981.jpg",
      "discountedPrice": 1.6,
      "originalPrice": 2.25,
      "percent": 29,
      "savings": 0.65,
      "unitPrice": " $1.60 / 1L ",
      "onlineOnly": false
    },
    {
      "brand": "Woolworths",
      "productName": "Johnnie Walker Double Black Scotch Whisky 700ml",
      "category": "Liquor",
      "imageURL": "https://cdn0.woolworths.media/content/wowproductimages/medium/707820.jpg",
      "discountedPrice": 55,
      "originalPrice": 73,
      "percent": 25,
      "savings": 18,
      "unitPrice": "No unit price available",
      "onlineOnly": false
    },
    {
      "brand": "Woolworths",
      "productName": "Wild Turkey Kentucky Bourbon 86.8 Proof 1l",
      "category": "Liquor",
      "imageURL": "https://cdn0.woolworths.media/content/wowproductimages/medium/083276.jpg",
      "discountedPrice": 62,
      "originalPrice": 69,
      "percent": 10,
      "savings": 7,
      "unitPrice": "No unit price available",
      "onlineOnly": false
    },
    {
      "brand": "Woolworths",
      "productName": "Jgermeister Liqueur 700ml",
      "category": "Liquor",
      "imageURL": "https://cdn0.woolworths.media/content/wowproductimages/medium/000844.jpg",
      "discountedPrice": 42,
      "originalPrice": 53,
      "percent": 21,
      "savings": 11,
      "unitPrice": "No unit price available",
      "onlineOnly": false
    },
    {
      "brand": "Woolworths",
      "productName": "Yalumba Cask Wine Chardonnay 2l",
      "category": "Liquor",
      "imageURL": "https://cdn0.woolworths.media/content/wowproductimages/medium/001240.jpg",
      "discountedPrice": 13,
      "originalPrice": 16,
      "percent": 19,
      "savings": 3,
      "unitPrice": "No unit price available",
      "onlineOnly": false
    },
    {
      "brand": "Woolworths",
      "productName": "Jim Beam White Label Bourbon & Cola Cans 6x375ml pack",
      "category": "Liquor",
      "imageURL": "https://cdn0.woolworths.media/content/wowproductimages/medium/002726.jpg",
      "discountedPrice": 25,
      "originalPrice": 29,
      "percent": 14,
      "savings": 4,
      "unitPrice": "No unit price available",
      "onlineOnly": false
    },
    {
      "brand": "Woolworths",
      "productName": "Tooheys New Lager Cans 30x375ml case",
      "category": "Liquor",
      "imageURL": "https://cdn0.woolworths.media/content/wowproductimages/medium/006225.jpg",
      "discountedPrice": 52,
      "originalPrice": 57,
      "percent": 9,
      "savings": 5,
      "unitPrice": "No unit price available",
      "onlineOnly": false
    },
    {
      "brand": "Woolworths",
      "productName": "Xxxx Gold Mid Strength Lager Stubbies 24x375ml case",
      "category": "Liquor",
      "imageURL": "https://cdn0.woolworths.media/content/wowproductimages/medium/006251.jpg",
      "discountedPrice": 44,
      "originalPrice": 50,
      "percent": 12,
      "savings": 6,
      "unitPrice": "No unit price available",
      "onlineOnly": false
    },
    {
      "brand": "Woolworths",
      "productName": "Little Giant Coonawarra Cabernet Sauvignon 750ml",
      "category": "Liquor",
      "imageURL": "https://cdn0.woolworths.media/content/wowproductimages/medium/006767.jpg",
      "discountedPrice": 19,
      "originalPrice": 24,
      "percent": 21,
      "savings": 5,
      "unitPrice": "No unit price available",
      "onlineOnly": false
    },
    {
      "brand": "Woolworths",
      "productName": "Elephant In The Room Shiraz 750ml",
      "category": "Liquor",
      "imageURL": "https://cdn0.woolworths.media/content/wowproductimages/medium/006781.jpg",
      "discountedPrice": 14,
      "originalPrice": 17,
      "percent": 18,
      "savings": 3,
      "unitPrice": "No unit price available",
      "onlineOnly": false
    },
    {
      "brand": "Woolworths",
      "productName": "Wirra Wirra Church Block Cabernet Shiraz Merlot 750ml",
      "category": "Liquor",
      "imageURL": "https://cdn0.woolworths.media/content/wowproductimages/medium/011021.jpg",
      "discountedPrice": 21,
      "originalPrice": 24,
      "percent": 13,
      "savings": 3,
      "unitPrice": "No unit price available",
      "onlineOnly": false
    },
    {
      "brand": "Woolworths",
      "productName": "Grandin Sparkling Brut Nv 750ml",
      "category": "Liquor",
      "imageURL": "https://cdn0.woolworths.media/content/wowproductimages/medium/011611.jpg",
      "discountedPrice": 17,
      "originalPrice": 21,
      "percent": 19,
      "savings": 4,
      "unitPrice": "No unit price available",
      "onlineOnly": false
    },
    {
      "brand": "Woolworths",
      "productName": "Coopers Pale Ale Stubbies 6x375ml pack",
      "category": "Liquor",
      "imageURL": "https://cdn0.woolworths.media/content/wowproductimages/medium/016070.jpg",
      "discountedPrice": 19,
      "originalPrice": 22,
      "percent": 14,
      "savings": 3,
      "unitPrice": "No unit price available",
      "onlineOnly": false
    },
    {
      "brand": "Woolworths",
      "productName": "Xxxx Gold Mid Strength Lager Cans 30x375ml case",
      "category": "Liquor",
      "imageURL": "https://cdn0.woolworths.media/content/wowproductimages/medium/024405.jpg",
      "discountedPrice": 50,
      "originalPrice": 55,
      "percent": 9,
      "savings": 5,
      "unitPrice": "No unit price available",
      "onlineOnly": false
    },
    {
      "brand": "Woolworths",
      "productName": "Jim Beam White Label Bourbon & Cola Cans 24x375ml",
      "category": "Liquor",
      "imageURL": "https://cdn0.woolworths.media/content/wowproductimages/medium/024489.jpg",
      "discountedPrice": 81,
      "originalPrice": 97,
      "percent": 16,
      "savings": 16,
      "unitPrice": "No unit price available",
      "onlineOnly": false
    },
    {
      "brand": "Woolworths",
      "productName": "Poole's Rock Chardonnay 750ml",
      "category": "Liquor",
      "imageURL": "https://cdn0.woolworths.media/content/wowproductimages/medium/025730.jpg",
      "discountedPrice": 35,
      "originalPrice": 45,
      "percent": 22,
      "savings": 10,
      "unitPrice": "No unit price available",
      "onlineOnly": false
    },
    {
      "brand": "Woolworths",
      "productName": "Fleur De Prarie French Sparkling 750ml",
      "category": "Liquor",
      "imageURL": "https://cdn0.woolworths.media/content/wowproductimages/medium/026872.jpg",
      "discountedPrice": 17,
      "originalPrice": 22,
      "percent": 23,
      "savings": 5,
      "unitPrice": "No unit price available",
      "onlineOnly": false
    },
    {
      "brand": "Woolworths",
      "productName": "Fleur De Prarie Sparkling Rose 750ml",
      "category": "Liquor",
      "imageURL": "https://cdn0.woolworths.media/content/wowproductimages/medium/026873.jpg",
      "discountedPrice": 17,
      "originalPrice": 22,
      "percent": 23,
      "savings": 5,
      "unitPrice": "No unit price available",
      "onlineOnly": false
    },
    {
      "brand": "Woolworths",
      "productName": "Campo Viejo Tempranillo 750ml",
      "category": "Liquor",
      "imageURL": "https://cdn0.woolworths.media/content/wowproductimages/medium/026996.jpg",
      "discountedPrice": 17,
      "originalPrice": 22,
      "percent": 23,
      "savings": 5,
      "unitPrice": "No unit price available",
      "onlineOnly": false
    },
    {
      "brand": "Woolworths",
      "productName": "Southern Comfort Bourbon 1l",
      "category": "Liquor",
      "imageURL": "https://cdn0.woolworths.media/content/wowproductimages/medium/027353.jpg",
      "discountedPrice": 52,
      "originalPrice": 59,
      "percent": 12,
      "savings": 7,
      "unitPrice": "No unit price available",
      "onlineOnly": false
    },
    {
      "brand": "Woolworths",
      "productName": "Jack Daniel's Tennessee Whiskey 1l",
      "category": "Liquor",
      "imageURL": "https://cdn0.woolworths.media/content/wowproductimages/medium/027390.jpg",
      "discountedPrice": 65,
      "originalPrice": 76,
      "percent": 14,
      "savings": 11,
      "unitPrice": "No unit price available",
      "onlineOnly": false
    },
    {
      "brand": "Woolworths",
      "productName": "Absolut Vodka 700ml",
      "category": "Liquor",
      "imageURL": "https://cdn0.woolworths.media/content/wowproductimages/medium/027720.jpg",
      "discountedPrice": 42,
      "originalPrice": 51,
      "percent": 18,
      "savings": 9,
      "unitPrice": "No unit price available",
      "onlineOnly": false
    },
    {
      "brand": "Woolworths",
      "productName": "Peroni Nastro Azzurro Lager Bottles 24x330ml case",
      "category": "Liquor",
      "imageURL": "https://cdn0.woolworths.media/content/wowproductimages/medium/027726.jpg",
      "discountedPrice": 50,
      "originalPrice": 61,
      "percent": 18,
      "savings": 11,
      "unitPrice": "No unit price available",
      "onlineOnly": false
    },
    {
      "brand": "Woolworths",
      "productName": "Renmano Port Tawny Cask 2l",
      "category": "Liquor",
      "imageURL": "https://cdn0.woolworths.media/content/wowproductimages/medium/031016.jpg",
      "discountedPrice": 11,
      "originalPrice": 12,
      "percent": 8,
      "savings": 1,
      "unitPrice": "No unit price available",
      "onlineOnly": false
    },
    {
      "brand": "Woolworths",
      "productName": "Xxxx Gold Mid Strength Lager Cans 24x375ml case",
      "category": "Liquor",
      "imageURL": "https://cdn0.woolworths.media/content/wowproductimages/medium/032667.jpg",
      "discountedPrice": 44,
      "originalPrice": 50,
      "percent": 12,
      "savings": 6,
      "unitPrice": "No unit price available",
      "onlineOnly": false
    },
    {
      "brand": "Woolworths",
      "productName": "Yalumba Cask Wine Shiraz 2l",
      "category": "Liquor",
      "imageURL": "https://cdn0.woolworths.media/content/wowproductimages/medium/033378.jpg",
      "discountedPrice": 13,
      "originalPrice": 16,
      "percent": 19,
      "savings": 3,
      "unitPrice": "No unit price available",
      "onlineOnly": false
    },
    {
      "brand": "Woolworths",
      "productName": "De Bortoli Premium Port Old Port Cask 4l",
      "category": "Liquor",
      "imageURL": "https://cdn0.woolworths.media/content/wowproductimages/medium/042192.jpg",
      "discountedPrice": 24,
      "originalPrice": 28,
      "percent": 14,
      "savings": 4,
      "unitPrice": "No unit price available",
      "onlineOnly": false
    },
    {
      "brand": "Woolworths",
      "productName": "Grant's Scotch Whisky 700ml",
      "category": "Liquor",
      "imageURL": "https://cdn0.woolworths.media/content/wowproductimages/medium/043457.jpg",
      "discountedPrice": 38,
      "originalPrice": 45,
      "percent": 16,
      "savings": 7,
      "unitPrice": "No unit price available",
      "onlineOnly": false
    },
    {
      "brand": "Woolworths",
      "productName": "Jose Cuervo Esp Gold Tequila 700ml",
      "category": "Liquor",
      "imageURL": "https://cdn0.woolworths.media/content/wowproductimages/medium/047605.jpg",
      "discountedPrice": 46,
      "originalPrice": 54,
      "percent": 15,
      "savings": 8,
      "unitPrice": "No unit price available",
      "onlineOnly": false
    },
    {
      "brand": "Woolworths",
      "productName": "Stella Artois Pilsner Bottles 24x330ml case",
      "category": "Liquor",
      "imageURL": "https://cdn0.woolworths.media/content/wowproductimages/medium/048182.jpg",
      "discountedPrice": 53,
      "originalPrice": 60,
      "percent": 12,
      "savings": 7,
      "unitPrice": "No unit price available",
      "onlineOnly": false
    },
    {
      "brand": "Woolworths",
      "productName": "Yalumba Cask Wine Cabernet Sauvignon 2l",
      "category": "Liquor",
      "imageURL": "https://cdn0.woolworths.media/content/wowproductimages/medium/049562.jpg",
      "discountedPrice": 13,
      "originalPrice": 16,
      "percent": 19,
      "savings": 3,
      "unitPrice": "No unit price available",
      "onlineOnly": false
    },
    {
      "brand": "Woolworths",
      "productName": "Mount Gay Eclipse Rum 700ml",
      "category": "Liquor",
      "imageURL": "https://cdn0.woolworths.media/content/wowproductimages/medium/049640.jpg",
      "discountedPrice": 44,
      "originalPrice": 55,
      "percent": 20,
      "savings": 11,
      "unitPrice": "No unit price available",
      "onlineOnly": false
    },
    {
      "brand": "Woolworths",
      "productName": "Yalumba Cask Wine Semillon Sauvignon Blanc 2l",
      "category": "Liquor",
      "imageURL": "https://cdn0.woolworths.media/content/wowproductimages/medium/053254.jpg",
      "discountedPrice": 13,
      "originalPrice": 16,
      "percent": 19,
      "savings": 3,
      "unitPrice": "No unit price available",
      "onlineOnly": false
    },
    {
      "brand": "Woolworths",
      "productName": "Versus By Amelia & Trent Burge Brut Cuvee Nv 750ml",
      "category": "Liquor",
      "imageURL": "https://cdn0.woolworths.media/content/wowproductimages/medium/053900.jpg",
      "discountedPrice": 13,
      "originalPrice": 18,
      "percent": 28,
      "savings": 5,
      "unitPrice": "No unit price available",
      "onlineOnly": false
    },
    {
      "brand": "Woolworths",
      "productName": "Hendrick's Midsummer Solstice Gin 700ml",
      "category": "Liquor",
      "imageURL": "https://cdn0.woolworths.media/content/wowproductimages/medium/054773.jpg",
      "discountedPrice": 76,
      "originalPrice": 93,
      "percent": 18,
      "savings": 17,
      "unitPrice": "No unit price available",
      "onlineOnly": false
    },
    {
      "brand": "Woolworths",
      "productName": "Marlborough Sounds Pinot Gris 750ml",
      "category": "Liquor",
      "imageURL": "https://cdn0.woolworths.media/content/wowproductimages/medium/055862.jpg",
      "discountedPrice": 14,
      "originalPrice": 19,
      "percent": 26,
      "savings": 5,
      "unitPrice": "No unit price available",
      "onlineOnly": false
    },
    {
      "brand": "Woolworths",
      "productName": "Chivas Regal Extra American Rye Scotch Whisky 700ml",
      "category": "Liquor",
      "imageURL": "https://cdn0.woolworths.media/content/wowproductimages/medium/056535.jpg",
      "discountedPrice": 60,
      "originalPrice": 79,
      "percent": 24,
      "savings": 19,
      "unitPrice": "No unit price available",
      "onlineOnly": false
    },
    {
      "brand": "Woolworths",
      "productName": "King Of Clare Valley Riesling 750ml",
      "category": "Liquor",
      "imageURL": "https://cdn0.woolworths.media/content/wowproductimages/medium/057518.jpg",
      "discountedPrice": 16,
      "originalPrice": 20,
      "percent": 20,
      "savings": 4,
      "unitPrice": "No unit price available",
      "onlineOnly": false
    },
    {
      "brand": "Woolworths",
      "productName": "John Tate Semillon Sauvignon Blanc 750ml",
      "category": "Liquor",
      "imageURL": "https://cdn0.woolworths.media/content/wowproductimages/medium/057524.jpg",
      "discountedPrice": 8,
      "originalPrice": 11,
      "percent": 27,
      "savings": 3,
      "unitPrice": "No unit price available",
      "onlineOnly": false
    },
    {
      "brand": "Woolworths",
      "productName": "Chapel Hill Chardonnay Unwooded Chardonnay 750ml",
      "category": "Liquor",
      "imageURL": "https://cdn0.woolworths.media/content/wowproductimages/medium/063095.jpg",
      "discountedPrice": 16,
      "originalPrice": 21,
      "percent": 24,
      "savings": 5,
      "unitPrice": "No unit price available",
      "onlineOnly": false
    },
    {
      "brand": "Woolworths",
      "productName": "Andrew Garrett Sparkling Shiraz 750ml",
      "category": "Liquor",
      "imageURL": "https://cdn0.woolworths.media/content/wowproductimages/medium/065867.jpg",
      "discountedPrice": 13,
      "originalPrice": 17,
      "percent": 24,
      "savings": 4,
      "unitPrice": "No unit price available",
      "onlineOnly": false
    },
    {
      "brand": "Woolworths",
      "productName": "Bundaberg Rum & Cola Cans 6x375ml",
      "category": "Liquor",
      "imageURL": "https://cdn0.woolworths.media/content/wowproductimages/medium/069974.jpg",
      "discountedPrice": 23,
      "originalPrice": 29,
      "percent": 21,
      "savings": 6,
      "unitPrice": "No unit price available",
      "onlineOnly": false
    },
    {
      "brand": "Woolworths",
      "productName": "Mcwilliam's Port Hanwood 750ml",
      "category": "Liquor",
      "imageURL": "https://cdn0.woolworths.media/content/wowproductimages/medium/072242.jpg",
      "discountedPrice": 25,
      "originalPrice": 28,
      "percent": 11,
      "savings": 3,
      "unitPrice": "No unit price available",
      "onlineOnly": false
    },
    {
      "brand": "Woolworths",
      "productName": "Victoria Bitter Lager Stubbies 24x375ml case",
      "category": "Liquor",
      "imageURL": "https://cdn0.woolworths.media/content/wowproductimages/medium/072939.jpg",
      "discountedPrice": 51,
      "originalPrice": 57,
      "percent": 11,
      "savings": 6,
      "unitPrice": "No unit price available",
      "onlineOnly": false
    },
    {
      "brand": "Woolworths",
      "productName": "Penfolds Port Club 750ml",
      "category": "Liquor",
      "imageURL": "https://cdn0.woolworths.media/content/wowproductimages/medium/073070.jpg",
      "discountedPrice": 10,
      "originalPrice": 13,
      "percent": 23,
      "savings": 3,
      "unitPrice": "No unit price available",
      "onlineOnly": false
    },
    {
      "brand": "Woolworths",
      "productName": "Stone's Ginger Wine 1.5l",
      "category": "Liquor",
      "imageURL": "https://cdn0.woolworths.media/content/wowproductimages/medium/073678.jpg",
      "discountedPrice": 22,
      "originalPrice": 25,
      "percent": 12,
      "savings": 3,
      "unitPrice": "No unit price available",
      "onlineOnly": false
    },
    {
      "brand": "Woolworths",
      "productName": "Tia Maria Liqueur 700ml",
      "category": "Liquor",
      "imageURL": "https://cdn0.woolworths.media/content/wowproductimages/medium/073840.jpg",
      "discountedPrice": 29,
      "originalPrice": 38,
      "percent": 24,
      "savings": 9,
      "unitPrice": "No unit price available",
      "onlineOnly": false
    },
    {
      "brand": "Woolworths",
      "productName": "Finlandia Vodka 700ml",
      "category": "Liquor",
      "imageURL": "https://cdn0.woolworths.media/content/wowproductimages/medium/075853.jpg",
      "discountedPrice": 37,
      "originalPrice": 45,
      "percent": 18,
      "savings": 8,
      "unitPrice": "No unit price available",
      "onlineOnly": false
    },
    {
      "brand": "Woolworths",
      "productName": "John Tate Shiraz Cabernet Merlot 750ml",
      "category": "Liquor",
      "imageURL": "https://cdn0.woolworths.media/content/wowproductimages/medium/077326.jpg",
      "discountedPrice": 8,
      "originalPrice": 11,
      "percent": 27,
      "savings": 3,
      "unitPrice": "No unit price available",
      "onlineOnly": false
    },
    {
      "brand": "Woolworths",
      "productName": "Ballantine's Finest Blended Scotch Whisky 700ml",
      "category": "Liquor",
      "imageURL": "https://cdn0.woolworths.media/content/wowproductimages/medium/078940.jpg",
      "discountedPrice": 39,
      "originalPrice": 48,
      "percent": 19,
      "savings": 9,
      "unitPrice": "No unit price available",
      "onlineOnly": false
    },
    {
      "brand": "Woolworths",
      "productName": "Victoria Bitter Lager Cans 30x375ml case",
      "category": "Liquor",
      "imageURL": "https://cdn0.woolworths.media/content/wowproductimages/medium/084736.jpg",
      "discountedPrice": 56,
      "originalPrice": 58,
      "percent": 3,
      "savings": 2,
      "unitPrice": "No unit price available",
      "onlineOnly": false
    },
    {
      "brand": "Woolworths",
      "productName": "Jim Beam Black Label Bourbon 700ml",
      "category": "Liquor",
      "imageURL": "https://cdn0.woolworths.media/content/wowproductimages/medium/088525.jpg",
      "discountedPrice": 44,
      "originalPrice": 51,
      "percent": 14,
      "savings": 7,
      "unitPrice": "No unit price available",
      "onlineOnly": false
    },
    {
      "brand": "Woolworths",
      "productName": "Midori Melon Liqueur 700ml",
      "category": "Liquor",
      "imageURL": "https://cdn0.woolworths.media/content/wowproductimages/medium/091199.jpg",
      "discountedPrice": 36,
      "originalPrice": 45,
      "percent": 20,
      "savings": 9,
      "unitPrice": "No unit price available",
      "onlineOnly": false
    },
    {
      "brand": "Woolworths",
      "productName": "Cougar Bourbon 700ml",
      "category": "Liquor",
      "imageURL": "https://cdn0.woolworths.media/content/wowproductimages/medium/091653.jpg",
      "discountedPrice": 40,
      "originalPrice": 45,
      "percent": 11,
      "savings": 5,
      "unitPrice": "No unit price available",
      "onlineOnly": false
    },
    {
      "brand": "Woolworths",
      "productName": "Bombay Sapphire Gin 700ml",
      "category": "Liquor",
      "imageURL": "https://cdn0.woolworths.media/content/wowproductimages/medium/094915.jpg",
      "discountedPrice": 49,
      "originalPrice": 60,
      "percent": 18,
      "savings": 11,
      "unitPrice": "No unit price available",
      "onlineOnly": false
    },
    {
      "brand": "Woolworths",
      "productName": "Bundaberg Rum & Cola Cans 24x375ml",
      "category": "Liquor",
      "imageURL": "https://cdn0.woolworths.media/content/wowproductimages/medium/103355.jpg",
      "discountedPrice": 83,
      "originalPrice": 94,
      "percent": 12,
      "savings": 11,
      "unitPrice": "No unit price available",
      "onlineOnly": false
    },
    {
      "brand": "Woolworths",
      "productName": "St Hallett Faith Shiraz 750ml",
      "category": "Liquor",
      "imageURL": "https://cdn0.woolworths.media/content/wowproductimages/medium/125112.jpg",
      "discountedPrice": 17,
      "originalPrice": 24,
      "percent": 29,
      "savings": 7,
      "unitPrice": "No unit price available",
      "onlineOnly": false
    },
    {
      "brand": "Woolworths",
      "productName": "St Hugo Cabernet Sauvignon 750ml",
      "category": "Liquor",
      "imageURL": "https://cdn0.woolworths.media/content/wowproductimages/medium/143871.jpg",
      "discountedPrice": 40,
      "originalPrice": 49,
      "percent": 18,
      "savings": 9,
      "unitPrice": "No unit price available",
      "onlineOnly": false
    },
    {
      "brand": "Woolworths",
      "productName": "Isabel Estate Sauvignon Blanc 750ml",
      "category": "Liquor",
      "imageURL": "https://cdn0.woolworths.media/content/wowproductimages/medium/176594.jpg",
      "discountedPrice": 22,
      "originalPrice": 29,
      "percent": 24,
      "savings": 7,
      "unitPrice": "No unit price available",
      "onlineOnly": false
    },
    {
      "brand": "Woolworths",
      "productName": "Taylors Jarman Chardonnay 750ml",
      "category": "Liquor",
      "imageURL": "https://cdn0.woolworths.media/content/wowproductimages/medium/320978.jpg",
      "discountedPrice": 21,
      "originalPrice": 26,
      "percent": 19,
      "savings": 5,
      "unitPrice": "No unit price available",
      "onlineOnly": false
    },
    {
      "brand": "Woolworths",
      "productName": "Peroni Legerra Lager Bottles 6x330ml pack",
      "category": "Liquor",
      "imageURL": "https://cdn0.woolworths.media/content/wowproductimages/medium/322454.jpg",
      "discountedPrice": 17,
      "originalPrice": 20,
      "percent": 15,
      "savings": 3,
      "unitPrice": "No unit price available",
      "onlineOnly": false
    },
    {
      "brand": "Woolworths",
      "productName": "Nature's Harvest Chardonnay 750ml",
      "category": "Liquor",
      "imageURL": "https://cdn0.woolworths.media/content/wowproductimages/medium/326028.jpg",
      "discountedPrice": 13,
      "originalPrice": 17,
      "percent": 24,
      "savings": 4,
      "unitPrice": "No unit price available",
      "onlineOnly": false
    },
    {
      "brand": "Woolworths",
      "productName": "Corona Extra Lager Stubbies 24x355ml case",
      "category": "Liquor",
      "imageURL": "https://cdn0.woolworths.media/content/wowproductimages/medium/328473.jpg",
      "discountedPrice": 55,
      "originalPrice": 61,
      "percent": 10,
      "savings": 6,
      "unitPrice": "No unit price available",
      "onlineOnly": false
    },
    {
      "brand": "Woolworths",
      "productName": "Yalumba Cask Wine Pinot Grigio 2l",
      "category": "Liquor",
      "imageURL": "https://cdn0.woolworths.media/content/wowproductimages/medium/332849.jpg",
      "discountedPrice": 13,
      "originalPrice": 16,
      "percent": 19,
      "savings": 3,
      "unitPrice": "No unit price available",
      "onlineOnly": false
    },
    {
      "brand": "Woolworths",
      "productName": "Gossips Rose 750ml",
      "category": "Liquor",
      "imageURL": "https://cdn0.woolworths.media/content/wowproductimages/medium/333357.jpg",
      "discountedPrice": 5,
      "originalPrice": 6,
      "percent": 17,
      "savings": 1,
      "unitPrice": "No unit price available",
      "onlineOnly": false
    },
    {
      "brand": "Woolworths",
      "productName": "Russian Standard St Petersberg Vodka 700ml",
      "category": "Liquor",
      "imageURL": "https://cdn0.woolworths.media/content/wowproductimages/medium/333499.jpg",
      "discountedPrice": 36,
      "originalPrice": 47,
      "percent": 23,
      "savings": 11,
      "unitPrice": "No unit price available",
      "onlineOnly": false
    },
    {
      "brand": "Woolworths",
      "productName": "Gossips Dolcetto Sweet Lips & Syrah 750ml",
      "category": "Liquor",
      "imageURL": "https://cdn0.woolworths.media/content/wowproductimages/medium/334209.jpg",
      "discountedPrice": 5,
      "originalPrice": 6,
      "percent": 17,
      "savings": 1,
      "unitPrice": "No unit price available",
      "onlineOnly": false
    },
    {
      "brand": "Woolworths",
      "productName": "Gossips Moscato Moscato Sweet Lips 750ml",
      "category": "Liquor",
      "imageURL": "https://cdn0.woolworths.media/content/wowproductimages/medium/334645.jpg",
      "discountedPrice": 5,
      "originalPrice": 6,
      "percent": 17,
      "savings": 1,
      "unitPrice": "No unit price available",
      "onlineOnly": false
    },
    {
      "brand": "Woolworths",
      "productName": "Jim Beam White Label Bourbon 1l",
      "category": "Liquor",
      "imageURL": "https://cdn0.woolworths.media/content/wowproductimages/medium/335009.jpg",
      "discountedPrice": 53,
      "originalPrice": 62,
      "percent": 15,
      "savings": 9,
      "unitPrice": "No unit price available",
      "onlineOnly": false
    },
    {
      "brand": "Woolworths",
      "productName": "Nature's Harvest Shiraz 750ml",
      "category": "Liquor",
      "imageURL": "https://cdn0.woolworths.media/content/wowproductimages/medium/335244.jpg",
      "discountedPrice": 13,
      "originalPrice": 17,
      "percent": 24,
      "savings": 4,
      "unitPrice": "No unit price available",
      "onlineOnly": false
    },
    {
      "brand": "Woolworths",
      "productName": "Strongbow Apple Cider Dry Low Carb Bottles 24x355ml case",
      "category": "Liquor",
      "imageURL": "https://cdn0.woolworths.media/content/wowproductimages/medium/338697.jpg",
      "discountedPrice": 49,
      "originalPrice": 61,
      "percent": 20,
      "savings": 12,
      "unitPrice": "No unit price available",
      "onlineOnly": false
    },
    {
      "brand": "Woolworths",
      "productName": "Petaluma Croser Sparkling Non Vintage 750ml",
      "category": "Liquor",
      "imageURL": "https://cdn0.woolworths.media/content/wowproductimages/medium/339355.jpg",
      "discountedPrice": 23,
      "originalPrice": 30,
      "percent": 23,
      "savings": 7,
      "unitPrice": "No unit price available",
      "onlineOnly": false
    },
    {
      "brand": "Woolworths",
      "productName": "Chapel Hill Shiraz 750ml",
      "category": "Liquor",
      "imageURL": "https://cdn0.woolworths.media/content/wowproductimages/medium/341294.jpg",
      "discountedPrice": 16,
      "originalPrice": 21,
      "percent": 24,
      "savings": 5,
      "unitPrice": "No unit price available",
      "onlineOnly": false
    },
    {
      "brand": "Woolworths",
      "productName": "Love'em Puppy Rewards Dog Treats 200g",
      "category": "Pet",
      "imageURL": "https://cdn0.woolworths.media/content/wowproductimages/medium/108469.jpg",
      "discountedPrice": 4,
      "originalPrice": 6,
      "percent": 33,
      "savings": 2,
      "unitPrice": " $2.00 / 100G ",
      "onlineOnly": false
    },
    {
      "brand": "Woolworths",
      "productName": "Purina Marvel Thor Hammer Dog Toy each",
      "category": "Pet",
      "imageURL": "https://cdn0.woolworths.media/content/wowproductimages/medium/118633.jpg",
      "discountedPrice": 12.55,
      "originalPrice": 17.99,
      "percent": 30,
      "savings": 5.44,
      "unitPrice": " $12.55 / 1EA ",
      "onlineOnly": false
    },
    {
      "brand": "Woolworths",
      "productName": "Greenies Petite Dog Dental Treat 170g",
      "category": "Pet",
      "imageURL": "https://cdn0.woolworths.media/content/wowproductimages/medium/108400.jpg",
      "discountedPrice": 12,
      "originalPrice": 15,
      "percent": 20,
      "savings": 3,
      "unitPrice": " $7.06 / 100G ",
      "onlineOnly": false
    },
    {
      "brand": "Woolworths",
      "productName": "Pedigree Dentastix Large Dental Dog Treat 28 pack",
      "category": "Pet",
      "imageURL": "https://cdn0.woolworths.media/content/wowproductimages/medium/344052.jpg",
      "discountedPrice": 12,
      "originalPrice": 17.5,
      "percent": 31,
      "savings": 5.5,
      "unitPrice": " $0.43 / 1EA ",
      "onlineOnly": false
    },
    {
      "brand": "Woolworths",
      "productName": "Pedigree Puppy With Chicken & Rice Dry Dog Food 2.5kg",
      "category": "Pet",
      "imageURL": "https://cdn0.woolworths.media/content/wowproductimages/medium/001500.jpg",
      "discountedPrice": 9,
      "originalPrice": 12,
      "percent": 25,
      "savings": 3,
      "unitPrice": " $0.36 / 100G ",
      "onlineOnly": false
    },
    {
      "brand": "Woolworths",
      "productName": "My Dog Adult Wet Dog Food Chicken & Turkey Banquet Can 400g",
      "category": "Pet",
      "imageURL": "https://cdn0.woolworths.media/content/wowproductimages/medium/013825.jpg",
      "discountedPrice": 1.8,
      "originalPrice": 2.2,
      "percent": 18,
      "savings": 0.4,
      "unitPrice": " $0.45 / 100G ",
      "onlineOnly": false
    },
    {
      "brand": "Woolworths",
      "productName": "Purina One Wet Cat Food Pouch Ocean Fish 6x70g",
      "category": "Pet",
      "imageURL": "https://cdn0.woolworths.media/content/wowproductimages/medium/020688.jpg",
      "discountedPrice": 7,
      "originalPrice": 9.5,
      "percent": 26,
      "savings": 2.5,
      "unitPrice": " $1.67 / 100G ",
      "onlineOnly": false
    },
    {
      "brand": "Woolworths",
      "productName": "Purina One Wet Cat Food Pouch Urinary Care Chicken 6x70g",
      "category": "Pet",
      "imageURL": "https://cdn0.woolworths.media/content/wowproductimages/medium/020689.jpg",
      "discountedPrice": 7,
      "originalPrice": 9.5,
      "percent": 26,
      "savings": 2.5,
      "unitPrice": " $1.67 / 100G ",
      "onlineOnly": false
    },
    {
      "brand": "Woolworths",
      "productName": "My Dog Tender Country Lamb & Liver Loaf Classics Wet Dog Food Can 400g",
      "category": "Pet",
      "imageURL": "https://cdn0.woolworths.media/content/wowproductimages/medium/023625.jpg",
      "discountedPrice": 1.8,
      "originalPrice": 2.2,
      "percent": 18,
      "savings": 0.4,
      "unitPrice": " $0.45 / 100G ",
      "onlineOnly": false
    },
    {
      "brand": "Woolworths",
      "productName": "Fussy Cat Grain Free Tartare With Kangaroo Chilled Cat Food 70g",
      "category": "Pet",
      "imageURL": "https://cdn0.woolworths.media/content/wowproductimages/medium/026529.jpg",
      "discountedPrice": 2,
      "originalPrice": 2.2,
      "percent": 9,
      "savings": 0.2,
      "unitPrice": " $2.86 / 100G ",
      "onlineOnly": false
    },
    {
      "brand": "Woolworths",
      "productName": "Fussy Cat Grain Free Fine Mince With Beef Chilled Cat Food 70g",
      "category": "Pet",
      "imageURL": "https://cdn0.woolworths.media/content/wowproductimages/medium/026586.jpg",
      "discountedPrice": 2,
      "originalPrice": 2.2,
      "percent": 9,
      "savings": 0.2,
      "unitPrice": " $2.86 / 100G ",
      "onlineOnly": false
    },
    {
      "brand": "Woolworths",
      "productName": "Fussy Cat Fine Mince With Chicken Pot 70g",
      "category": "Pet",
      "imageURL": "https://cdn0.woolworths.media/content/wowproductimages/medium/026673.jpg",
      "discountedPrice": 2,
      "originalPrice": 2.2,
      "percent": 9,
      "savings": 0.2,
      "unitPrice": " $2.86 / 100G ",
      "onlineOnly": false
    },
    {
      "brand": "Woolworths",
      "productName": "Golp Dog Yoghurt Vanilla Lactose Free 70g",
      "category": "Pet",
      "imageURL": "https://cdn0.woolworths.media/content/wowproductimages/medium/052160.jpg",
      "discountedPrice": 1.8,
      "originalPrice": 2,
      "percent": 10,
      "savings": 0.2,
      "unitPrice": " $2.57 / 100G ",
      "onlineOnly": false
    },
    {
      "brand": "Woolworths",
      "productName": "Ultimates Indulge Natural Chicken 1kg",
      "category": "Pet",
      "imageURL": "https://cdn0.woolworths.media/content/wowproductimages/medium/055086.jpg",
      "discountedPrice": 7,
      "originalPrice": 8,
      "percent": 13,
      "savings": 1,
      "unitPrice": " $0.70 / 100G ",
      "onlineOnly": false
    },
    {
      "brand": "Woolworths",
      "productName": "Bow Wow Rabbit Ears 100g",
      "category": "Pet",
      "imageURL": "https://cdn0.woolworths.media/content/wowproductimages/medium/059131.jpg",
      "discountedPrice": 7,
      "originalPrice": 8,
      "percent": 13,
      "savings": 1,
      "unitPrice": " $0.70 / 1EA ",
      "onlineOnly": false
    },
    {
      "brand": "Woolworths",
      "productName": "Ultimates Indulge Beef Smoothie 90g",
      "category": "Pet",
      "imageURL": "https://cdn0.woolworths.media/content/wowproductimages/medium/065616.jpg",
      "discountedPrice": 2.5,
      "originalPrice": 3,
      "percent": 17,
      "savings": 0.5,
      "unitPrice": " $2.78 / 100G ",
      "onlineOnly": false
    },
    {
      "brand": "Woolworths",
      "productName": "Ultimates Indulge Lamb Smoothie 90g",
      "category": "Pet",
      "imageURL": "https://cdn0.woolworths.media/content/wowproductimages/medium/065644.jpg",
      "discountedPrice": 2.5,
      "originalPrice": 3,
      "percent": 17,
      "savings": 0.5,
      "unitPrice": " $2.78 / 100G ",
      "onlineOnly": false
    },
    {
      "brand": "Woolworths",
      "productName": "Ultimates Indulge Chicken Smoothie 90g",
      "category": "Pet",
      "imageURL": "https://cdn0.woolworths.media/content/wowproductimages/medium/065645.jpg",
      "discountedPrice": 2.5,
      "originalPrice": 3,
      "percent": 17,
      "savings": 0.5,
      "unitPrice": " $2.78 / 100G ",
      "onlineOnly": false
    },
    {
      "brand": "Woolworths",
      "productName": "Fussy Cat Grain Free Chicken With Vegetables Dry Kitten Food 450g",
      "category": "Pet",
      "imageURL": "https://cdn0.woolworths.media/content/wowproductimages/medium/066085.jpg",
      "discountedPrice": 4,
      "originalPrice": 5,
      "percent": 20,
      "savings": 1,
      "unitPrice": " $0.89 / 100G ",
      "onlineOnly": false
    },
    {
      "brand": "Woolworths",
      "productName": "Rufus & Coco Clean & Chew Dental Toy - Blue each",
      "category": "Pet",
      "imageURL": "https://cdn0.woolworths.media/content/wowproductimages/medium/081687.jpg",
      "discountedPrice": 9,
      "originalPrice": 15,
      "percent": 40,
      "savings": 6,
      "unitPrice": " $9.00 / 1EA ",
      "onlineOnly": false
    },
    {
      "brand": "Woolworths",
      "productName": "Ultimates Indulge Chicken Prawn & Tuna Flavours 6 pack",
      "category": "Pet",
      "imageURL": "https://cdn0.woolworths.media/content/wowproductimages/medium/089797.jpg",
      "discountedPrice": 7,
      "originalPrice": 8.5,
      "percent": 18,
      "savings": 1.5,
      "unitPrice": " $1.37 / 100G ",
      "onlineOnly": false
    },
    {
      "brand": "Woolworths",
      "productName": "Ultimates Indulge Chicken & Whitemeat Flavours 6 pack",
      "category": "Pet",
      "imageURL": "https://cdn0.woolworths.media/content/wowproductimages/medium/090062.jpg",
      "discountedPrice": 7,
      "originalPrice": 8.5,
      "percent": 18,
      "savings": 1.5,
      "unitPrice": " $1.37 / 100G ",
      "onlineOnly": false
    },
    {
      "brand": "Woolworths",
      "productName": "Ultimates Indulge Beef & Lamb Mince Flavours 6 pack",
      "category": "Pet",
      "imageURL": "https://cdn0.woolworths.media/content/wowproductimages/medium/091084.jpg",
      "discountedPrice": 7,
      "originalPrice": 8.5,
      "percent": 18,
      "savings": 1.5,
      "unitPrice": " $1.37 / 100G ",
      "onlineOnly": false
    },
    {
      "brand": "Woolworths",
      "productName": "Pedigree Adult With Real Beef Dry Dog Food 3kg",
      "category": "Pet",
      "imageURL": "https://cdn0.woolworths.media/content/wowproductimages/medium/098751.jpg",
      "discountedPrice": 9,
      "originalPrice": 12,
      "percent": 25,
      "savings": 3,
      "unitPrice": " $0.30 / 100G ",
      "onlineOnly": false
    },
    {
      "brand": "Woolworths",
      "productName": "Greenies Original Dog Dental Treat Large 170g",
      "category": "Pet",
      "imageURL": "https://cdn0.woolworths.media/content/wowproductimages/medium/108600.jpg",
      "discountedPrice": 12,
      "originalPrice": 15,
      "percent": 20,
      "savings": 3,
      "unitPrice": " $7.06 / 100G ",
      "onlineOnly": false
    },
    {
      "brand": "Woolworths",
      "productName": "Greenies Original Dog Dental Treat Regular 170g",
      "category": "Pet",
      "imageURL": "https://cdn0.woolworths.media/content/wowproductimages/medium/109487.jpg",
      "discountedPrice": 12,
      "originalPrice": 15,
      "percent": 20,
      "savings": 3,
      "unitPrice": " $7.06 / 100G ",
      "onlineOnly": false
    },
    {
      "brand": "Woolworths",
      "productName": "Greenies Teenie Dog Dental Treat 170g",
      "category": "Pet",
      "imageURL": "https://cdn0.woolworths.media/content/wowproductimages/medium/110556.jpg",
      "discountedPrice": 12,
      "originalPrice": 15,
      "percent": 20,
      "savings": 3,
      "unitPrice": " $7.06 / 100G ",
      "onlineOnly": false
    },
    {
      "brand": "Woolworths",
      "productName": "Ultimates Indulge Dry Dog Food Natural Beef 1kg",
      "category": "Pet",
      "imageURL": "https://cdn0.woolworths.media/content/wowproductimages/medium/110703.jpg",
      "discountedPrice": 7,
      "originalPrice": 8,
      "percent": 13,
      "savings": 1,
      "unitPrice": " $0.70 / 100G ",
      "onlineOnly": false
    },
    {
      "brand": "Woolworths",
      "productName": "Love'em Beef Liver Dog Treats 200g",
      "category": "Pet",
      "imageURL": "https://cdn0.woolworths.media/content/wowproductimages/medium/111447.jpg",
      "discountedPrice": 8,
      "originalPrice": 10,
      "percent": 20,
      "savings": 2,
      "unitPrice": " $4.00 / 100G ",
      "onlineOnly": false
    },
    {
      "brand": "Woolworths",
      "productName": "Regal Premium Pet Mince Chicken, Beef & Roo 3.2kg",
      "category": "Pet",
      "imageURL": "https://cdn0.woolworths.media/content/wowproductimages/medium/112690.jpg",
      "discountedPrice": 16,
      "originalPrice": 17.5,
      "percent": 9,
      "savings": 1.5,
      "unitPrice": " $0.50 / 100G ",
      "onlineOnly": false
    },
    {
      "brand": "Woolworths",
      "productName": "Love'em Lamb Jerky With Rosemary Dog Treats ",
      "category": "Pet",
      "imageURL": "https://cdn0.woolworths.media/content/wowproductimages/medium/112700.jpg",
      "discountedPrice": 3.5,
      "originalPrice": 5,
      "percent": 30,
      "savings": 1.5,
      "unitPrice": " $1.75 / 100G ",
      "onlineOnly": false
    },
    {
      "brand": "Woolworths",
      "productName": "Love'em Chicken Straps Dog Treats 150g",
      "category": "Pet",
      "imageURL": "https://cdn0.woolworths.media/content/wowproductimages/medium/113968.jpg",
      "discountedPrice": 4,
      "originalPrice": 6,
      "percent": 33,
      "savings": 2,
      "unitPrice": " $2.67 / 100G ",
      "onlineOnly": false
    },
    {
      "brand": "Woolworths",
      "productName": "Love'em Pork Liver Dog Treats 200g",
      "category": "Pet",
      "imageURL": "https://cdn0.woolworths.media/content/wowproductimages/medium/114236.jpg",
      "discountedPrice": 8,
      "originalPrice": 10,
      "percent": 20,
      "savings": 2,
      "unitPrice": " $4.00 / 100G ",
      "onlineOnly": false
    },
    {
      "brand": "Woolworths",
      "productName": "Love'em Beef Jerky With Tomato Dog Treats 200g",
      "category": "Pet",
      "imageURL": "https://cdn0.woolworths.media/content/wowproductimages/medium/115181.jpg",
      "discountedPrice": 3.5,
      "originalPrice": 5,
      "percent": 30,
      "savings": 1.5,
      "unitPrice": " $1.75 / 100G ",
      "onlineOnly": false
    },
    {
      "brand": "Woolworths",
      "productName": "Love'em Beef & Liver Dog Treat 90g",
      "category": "Pet",
      "imageURL": "https://cdn0.woolworths.media/content/wowproductimages/medium/116707.jpg",
      "discountedPrice": 4,
      "originalPrice": 6,
      "percent": 33,
      "savings": 2,
      "unitPrice": " $4.44 / 100G ",
      "onlineOnly": false
    },
    {
      "brand": "Woolworths",
      "productName": "Love'em Beef Straps Dog Treats 150g",
      "category": "Pet",
      "imageURL": "https://cdn0.woolworths.media/content/wowproductimages/medium/116932.jpg",
      "discountedPrice": 4,
      "originalPrice": 6,
      "percent": 33,
      "savings": 2,
      "unitPrice": " $2.67 / 100G ",
      "onlineOnly": false
    },
    {
      "brand": "Woolworths",
      "productName": "Love'em Pork Liver Dog Treats 90g",
      "category": "Pet",
      "imageURL": "https://cdn0.woolworths.media/content/wowproductimages/medium/117184.jpg",
      "discountedPrice": 4,
      "originalPrice": 6,
      "percent": 33,
      "savings": 2,
      "unitPrice": " $4.44 / 100G ",
      "onlineOnly": false
    },
    {
      "brand": "Woolworths",
      "productName": "Purina Marvel Spider Man Dog Toy each",
      "category": "Pet",
      "imageURL": "https://cdn0.woolworths.media/content/wowproductimages/medium/117916.jpg",
      "discountedPrice": 12.55,
      "originalPrice": 17.99,
      "percent": 30,
      "savings": 5.44,
      "unitPrice": " $12.55 / 1EA ",
      "onlineOnly": false
    },
    {
      "brand": "Woolworths",
      "productName": "Purina Marvel Iron Man Rope Pet Toy each",
      "category": "Pet",
      "imageURL": "https://cdn0.woolworths.media/content/wowproductimages/medium/117984.jpg",
      "discountedPrice": 12.55,
      "originalPrice": 17.99,
      "percent": 30,
      "savings": 5.44,
      "unitPrice": " $12.55 / 1EA ",
      "onlineOnly": false
    },
    {
      "brand": "Woolworths",
      "productName": "Purina Marvel Captain America Flying Disc Pet Toy each",
      "category": "Pet",
      "imageURL": "https://cdn0.woolworths.media/content/wowproductimages/medium/118200.jpg",
      "discountedPrice": 10.45,
      "originalPrice": 14.99,
      "percent": 30,
      "savings": 4.54,
      "unitPrice": " $10.45 / 1EA ",
      "onlineOnly": false
    },
    {
      "brand": "Woolworths",
      "productName": "Purina Marvel Black Panther Cat Toy each",
      "category": "Pet",
      "imageURL": "https://cdn0.woolworths.media/content/wowproductimages/medium/118634.jpg",
      "discountedPrice": 10.45,
      "originalPrice": 14.99,
      "percent": 30,
      "savings": 4.54,
      "unitPrice": " $10.45 / 1EA ",
      "onlineOnly": false
    },
    {
      "brand": "Woolworths",
      "productName": "Purina Marvel Captain America Plush Dog Toy each",
      "category": "Pet",
      "imageURL": "https://cdn0.woolworths.media/content/wowproductimages/medium/118652.jpg",
      "discountedPrice": 12.55,
      "originalPrice": 17.99,
      "percent": 30,
      "savings": 5.44,
      "unitPrice": " $12.55 / 1EA ",
      "onlineOnly": false
    },
    {
      "brand": "Woolworths",
      "productName": "My Dog Gourmet Beef Loaf Classics Wet Dog Food Can 400g",
      "category": "Pet",
      "imageURL": "https://cdn0.woolworths.media/content/wowproductimages/medium/169449.jpg",
      "discountedPrice": 1.8,
      "originalPrice": 2.2,
      "percent": 18,
      "savings": 0.4,
      "unitPrice": " $0.45 / 100G ",
      "onlineOnly": false
    },
    {
      "brand": "Woolworths",
      "productName": "Breeders Choice Paper Cat Litter 24l",
      "category": "Pet",
      "imageURL": "https://cdn0.woolworths.media/content/wowproductimages/medium/183885.jpg",
      "discountedPrice": 17,
      "originalPrice": 23,
      "percent": 26,
      "savings": 6,
      "unitPrice": " $0.71 / 1L ",
      "onlineOnly": true
    },
    {
      "brand": "Woolworths",
      "productName": "Bow Wow Treat Oinkers 4pk",
      "category": "Pet",
      "imageURL": "https://cdn0.woolworths.media/content/wowproductimages/medium/186150.jpg",
      "discountedPrice": 4.5,
      "originalPrice": 4.99,
      "percent": 10,
      "savings": 0.49,
      "unitPrice": " $1.13 / 1EA ",
      "onlineOnly": false
    },
    {
      "brand": "Woolworths",
      "productName": "Pedigree Adult Small Breed Dry Dog Food With Real Beef & Veggies 2.5kg",
      "category": "Pet",
      "imageURL": "https://cdn0.woolworths.media/content/wowproductimages/medium/197367.jpg",
      "discountedPrice": 9,
      "originalPrice": 12,
      "percent": 25,
      "savings": 3,
      "unitPrice": " $0.36 / 100G ",
      "onlineOnly": false
    },
    {
      "brand": "Woolworths",
      "productName": "My Dog Chicken Supreme Loaf Classics Wet Dog Food Trays 100g x6 pack",
      "category": "Pet",
      "imageURL": "https://cdn0.woolworths.media/content/wowproductimages/medium/291327.jpg",
      "discountedPrice": 6,
      "originalPrice": 8.5,
      "percent": 29,
      "savings": 2.5,
      "unitPrice": " $1.00 / 100G ",
      "onlineOnly": false
    },
    {
      "brand": "Woolworths",
      "productName": "My Dog Beef And Liver Loaf Classics Wet Dog Food Trays 100g x6 pack",
      "category": "Pet",
      "imageURL": "https://cdn0.woolworths.media/content/wowproductimages/medium/291328.jpg",
      "discountedPrice": 6,
      "originalPrice": 8.5,
      "percent": 29,
      "savings": 2.5,
      "unitPrice": " $1.00 / 100G ",
      "onlineOnly": false
    },
    {
      "brand": "Woolworths",
      "productName": "My Dog Gourmet Beef Loaf Classics Wet Dog Food Trays 100g x6 pack",
      "category": "Pet",
      "imageURL": "https://cdn0.woolworths.media/content/wowproductimages/medium/291332.jpg",
      "discountedPrice": 6,
      "originalPrice": 8.5,
      "percent": 29,
      "savings": 2.5,
      "unitPrice": " $1.00 / 100G ",
      "onlineOnly": false
    },
    {
      "brand": "Woolworths",
      "productName": "My Dog Lamb Loaf Classics Wet Dog Food Trays 100g x6 pack",
      "category": "Pet",
      "imageURL": "https://cdn0.woolworths.media/content/wowproductimages/medium/291333.jpg",
      "discountedPrice": 6,
      "originalPrice": 8.5,
      "percent": 29,
      "savings": 2.5,
      "unitPrice": " $1.00 / 100G ",
      "onlineOnly": false
    },
    {
      "brand": "Woolworths",
      "productName": "Pedigree Dentastix Small Dog Dental Treat 28 pack",
      "category": "Pet",
      "imageURL": "https://cdn0.woolworths.media/content/wowproductimages/medium/313874.jpg",
      "discountedPrice": 12,
      "originalPrice": 17.5,
      "percent": 31,
      "savings": 5.5,
      "unitPrice": " $0.43 / 1EA ",
      "onlineOnly": false
    },
    {
      "brand": "Woolworths",
      "productName": "Pedigree Dentastix Medium Dental Dog Treat 28 pack",
      "category": "Pet",
      "imageURL": "https://cdn0.woolworths.media/content/wowproductimages/medium/313876.jpg",
      "discountedPrice": 12,
      "originalPrice": 17.5,
      "percent": 31,
      "savings": 5.5,
      "unitPrice": " $0.43 / 1EA ",
      "onlineOnly": false
    },
    {
      "brand": "Woolworths",
      "productName": "My Dog Chicken Supreme With Cheese Wet Dog Food 6 pack",
      "category": "Pet",
      "imageURL": "https://cdn0.woolworths.media/content/wowproductimages/medium/344156.jpg",
      "discountedPrice": 6,
      "originalPrice": 8.5,
      "percent": 29,
      "savings": 2.5,
      "unitPrice": " $1.00 / 100G ",
      "onlineOnly": false
    },
    {
      "brand": "Woolworths",
      "productName": "Optimum Puppy With Chicken Dry Dog Food 3kg",
      "category": "Pet",
      "imageURL": "https://cdn0.woolworths.media/content/wowproductimages/medium/360069.jpg",
      "discountedPrice": 13,
      "originalPrice": 19,
      "percent": 32,
      "savings": 6,
      "unitPrice": " $0.43 / 100G ",
      "onlineOnly": false
    },
    {
      "brand": "Woolworths",
      "productName": "Optimum Small Breed With Chicken Vegetables & Rice Dry Dog Food 3kg",
      "category": "Pet",
      "imageURL": "https://cdn0.woolworths.media/content/wowproductimages/medium/360072.jpg",
      "discountedPrice": 13,
      "originalPrice": 19,
      "percent": 32,
      "savings": 6,
      "unitPrice": " $0.43 / 100G ",
      "onlineOnly": false
    },
    {
      "brand": "Woolworths",
      "productName": "My Dog Fish Sardine & Tuna With Spring Vegetables Dog Food Can 400g",
      "category": "Pet",
      "imageURL": "https://cdn0.woolworths.media/content/wowproductimages/medium/371381.jpg",
      "discountedPrice": 1.8,
      "originalPrice": 2.2,
      "percent": 18,
      "savings": 0.4,
      "unitPrice": " $0.45 / 100G ",
      "onlineOnly": false
    },
    {
      "brand": "Woolworths",
      "productName": "V.i.p Fussy Cat Grainfree Salmon & White Fish With Oil 500g",
      "category": "Pet",
      "imageURL": "https://cdn0.woolworths.media/content/wowproductimages/medium/382205.jpg",
      "discountedPrice": 4,
      "originalPrice": 5,
      "percent": 20,
      "savings": 1,
      "unitPrice": " $0.80 / 100G ",
      "onlineOnly": false
    },
    {
      "brand": "Woolworths",
      "productName": "V.i.p Fussy Cat Grainfree Chicken Turkey & Cranberry 500g",
      "category": "Pet",
      "imageURL": "https://cdn0.woolworths.media/content/wowproductimages/medium/382206.jpg",
      "discountedPrice": 4,
      "originalPrice": 5,
      "percent": 20,
      "savings": 1,
      "unitPrice": " $0.80 / 100G ",
      "onlineOnly": false
    },
    {
      "brand": "Woolworths",
      "productName": "Farmers Market Chicken & Farm Vegetables Dry Dog Food 2.7kg",
      "category": "Pet",
      "imageURL": "https://cdn0.woolworths.media/content/wowproductimages/medium/518742.jpg",
      "discountedPrice": 12,
      "originalPrice": 19,
      "percent": 37,
      "savings": 7,
      "unitPrice": " $0.44 / 100G ",
      "onlineOnly": false
    },
    {
      "brand": "Woolworths",
      "productName": "Farmers Market Beef & Farm Vegetables Dry Dog Food 2.7kg",
      "category": "Pet",
      "imageURL": "https://cdn0.woolworths.media/content/wowproductimages/medium/519072.jpg",
      "discountedPrice": 12,
      "originalPrice": 19,
      "percent": 37,
      "savings": 7,
      "unitPrice": " $0.44 / 100G ",
      "onlineOnly": false
    },
    {
      "brand": "Woolworths",
      "productName": "Farmers Market Roast Beef With Carrots Peas & Chia Wet Dog Food 100g",
      "category": "Pet",
      "imageURL": "https://cdn0.woolworths.media/content/wowproductimages/medium/519374.jpg",
      "discountedPrice": 1,
      "originalPrice": 1.5,
      "percent": 33,
      "savings": 0.5,
      "unitPrice": " $1.00 / 100G ",
      "onlineOnly": false
    },
    {
      "brand": "Woolworths",
      "productName": "Farmers Market Tender Lamb With Julienne Carrots & Beans Wet Dog Food 100g",
      "category": "Pet",
      "imageURL": "https://cdn0.woolworths.media/content/wowproductimages/medium/519551.jpg",
      "discountedPrice": 1,
      "originalPrice": 1.5,
      "percent": 33,
      "savings": 0.5,
      "unitPrice": " $1.00 / 100G ",
      "onlineOnly": false
    },
    {
      "brand": "Woolworths",
      "productName": "Farmers Market Roast Chicken With Lentils Wet Dog Food 100g",
      "category": "Pet",
      "imageURL": "https://cdn0.woolworths.media/content/wowproductimages/medium/520578.jpg",
      "discountedPrice": 1,
      "originalPrice": 1.5,
      "percent": 33,
      "savings": 0.5,
      "unitPrice": " $1.00 / 100G ",
      "onlineOnly": false
    },
    {
      "brand": "Woolworths",
      "productName": "Dine Creamy Treats Chicken Flavour Cat Treat 4 pack",
      "category": "Pet",
      "imageURL": "https://cdn0.woolworths.media/content/wowproductimages/medium/539085.jpg",
      "discountedPrice": 2.5,
      "originalPrice": 3,
      "percent": 17,
      "savings": 0.5,
      "unitPrice": " $5.21 / 100G ",
      "onlineOnly": false
    },
    {
      "brand": "Woolworths",
      "productName": "Dine Creamy Treats Tuna Flavour Cat Treat 4 pack",
      "category": "Pet",
      "imageURL": "https://cdn0.woolworths.media/content/wowproductimages/medium/539639.jpg",
      "discountedPrice": 2.5,
      "originalPrice": 3,
      "percent": 17,
      "savings": 0.5,
      "unitPrice": " $5.21 / 100G ",
      "onlineOnly": false
    },
    {
      "brand": "Woolworths",
      "productName": "Dine Creamy Treats Tuna & Salmon Flavour Cat Treat 4 pack",
      "category": "Pet",
      "imageURL": "https://cdn0.woolworths.media/content/wowproductimages/medium/539750.jpg",
      "discountedPrice": 2.5,
      "originalPrice": 3,
      "percent": 17,
      "savings": 0.5,
      "unitPrice": " $5.21 / 100G ",
      "onlineOnly": false
    },
    {
      "brand": "Woolworths",
      "productName": "Total Care Capstar Medium/large Dog 3 pack",
      "category": "Pet",
      "imageURL": "https://cdn0.woolworths.media/content/wowproductimages/medium/545772.jpg",
      "discountedPrice": 14,
      "originalPrice": 16,
      "percent": 13,
      "savings": 2,
      "unitPrice": " $14.00 / 1EA ",
      "onlineOnly": false
    },
    {
      "brand": "Woolworths",
      "productName": "Total Care Capstar Puppy Small Dog/cat 3 pack",
      "category": "Pet",
      "imageURL": "https://cdn0.woolworths.media/content/wowproductimages/medium/545775.jpg",
      "discountedPrice": 12,
      "originalPrice": 14,
      "percent": 14,
      "savings": 2,
      "unitPrice": " $12.00 / 1EA ",
      "onlineOnly": false
    },
    {
      "brand": "Woolworths",
      "productName": "Schmackos Tasty Bites Cheesy Nibbles Cheese & Beef Dog Treats 140g",
      "category": "Pet",
      "imageURL": "https://cdn0.woolworths.media/content/wowproductimages/medium/657194.jpg",
      "discountedPrice": 3,
      "originalPrice": 3.8,
      "percent": 21,
      "savings": 0.8,
      "unitPrice": " $2.14 / 100G ",
      "onlineOnly": false
    },
    {
      "brand": "Woolworths",
      "productName": "Schmackos Tasty Bites Chewy Slices Beef Flavour Dog Treats 155g",
      "category": "Pet",
      "imageURL": "https://cdn0.woolworths.media/content/wowproductimages/medium/657980.jpg",
      "discountedPrice": 3,
      "originalPrice": 3.8,
      "percent": 21,
      "savings": 0.8,
      "unitPrice": " $1.94 / 100G ",
      "onlineOnly": false
    },
    {
      "brand": "Woolworths",
      "productName": "Optimum Grain Free With Chicken & Vegetables Dry Dog Food 2.5kg",
      "category": "Pet",
      "imageURL": "https://cdn0.woolworths.media/content/wowproductimages/medium/659569.jpg",
      "discountedPrice": 13,
      "originalPrice": 19,
      "percent": 32,
      "savings": 6,
      "unitPrice": " $0.52 / 100G ",
      "onlineOnly": false
    },
    {
      "brand": "Woolworths",
      "productName": "Only Organic Strawberry Yoghurt Rice Cakes 30g",
      "category": "Baby",
      "imageURL": "https://cdn0.woolworths.media/content/wowproductimages/medium/078592.jpg",
      "discountedPrice": 2.45,
      "originalPrice": 3.5,
      "percent": 30,
      "savings": 1.05,
      "unitPrice": " $8.17 / 100G ",
      "onlineOnly": false
    },
    {
      "brand": "Woolworths",
      "productName": "Only Organic Pumpkin Potato & Beef 8+ Months 170g",
      "category": "Baby",
      "imageURL": "https://cdn0.woolworths.media/content/wowproductimages/medium/659823.jpg",
      "discountedPrice": 2,
      "originalPrice": 2.9,
      "percent": 31,
      "savings": 0.9,
      "unitPrice": " $1.18 / 100G ",
      "onlineOnly": false
    },
    {
      "brand": "Woolworths",
      "productName": "Only Organic 6 Months+ Banana Blueberry & Quinoa 120g",
      "category": "Baby",
      "imageURL": "https://cdn0.woolworths.media/content/wowproductimages/medium/765211.jpg",
      "discountedPrice": 1.4,
      "originalPrice": 2,
      "percent": 30,
      "savings": 0.6,
      "unitPrice": " $1.17 / 100G ",
      "onlineOnly": false
    },
    {
      "brand": "Woolworths",
      "productName": "Only Organic Blueberry & Purple Carrot Rice Cakes 20g",
      "category": "Baby",
      "imageURL": "https://cdn0.woolworths.media/content/wowproductimages/medium/077844.jpg",
      "discountedPrice": 1.75,
      "originalPrice": 2.5,
      "percent": 30,
      "savings": 0.75,
      "unitPrice": " $8.75 / 100G ",
      "onlineOnly": false
    },
    {
      "brand": "Woolworths",
      "productName": "Only Organic Sweet Pot Lamb & Couscous 170g",
      "category": "Baby",
      "imageURL": "https://cdn0.woolworths.media/content/wowproductimages/medium/053365.jpg",
      "discountedPrice": 2,
      "originalPrice": 2.9,
      "percent": 31,
      "savings": 0.9,
      "unitPrice": " $1.18 / 100G ",
      "onlineOnly": false
    },
    {
      "brand": "Woolworths",
      "productName": "Only Organic Banana Biscotti 100g",
      "category": "Baby",
      "imageURL": "https://cdn0.woolworths.media/content/wowproductimages/medium/839605.jpg",
      "discountedPrice": 3,
      "originalPrice": 4.4,
      "percent": 32,
      "savings": 1.4,
      "unitPrice": " $3.00 / 100G ",
      "onlineOnly": false
    },
    {
      "brand": "Woolworths",
      "productName": "Only Organic Chicken Bolognese 170g",
      "category": "Baby",
      "imageURL": "https://cdn0.woolworths.media/content/wowproductimages/medium/681967.jpg",
      "discountedPrice": 2,
      "originalPrice": 2.9,
      "percent": 31,
      "savings": 0.9,
      "unitPrice": " $1.18 / 100G ",
      "onlineOnly": false
    },
    {
      "brand": "Woolworths",
      "productName": "Only Organic Yoghurt Rice Cakes 30g",
      "category": "Baby",
      "imageURL": "https://cdn0.woolworths.media/content/wowproductimages/medium/077837.jpg",
      "discountedPrice": 2.45,
      "originalPrice": 3.5,
      "percent": 30,
      "savings": 1.05,
      "unitPrice": " $8.17 / 100G ",
      "onlineOnly": false
    },
    {
      "brand": "Woolworths",
      "productName": "Nestle Cerelac Baby Cereal Rice Stage 1 200g",
      "category": "Baby",
      "imageURL": "https://cdn0.woolworths.media/content/wowproductimages/medium/379228.jpg",
      "discountedPrice": 3.7,
      "originalPrice": 4.6,
      "percent": 20,
      "savings": 0.9,
      "unitPrice": " $1.85 / 100G ",
      "onlineOnly": false
    },
    {
      "brand": "Woolworths",
      "productName": "Only Organic Strawberry & Apple Puffs 20g",
      "category": "Baby",
      "imageURL": "https://cdn0.woolworths.media/content/wowproductimages/medium/078408.jpg",
      "discountedPrice": 2,
      "originalPrice": 3,
      "percent": 33,
      "savings": 1,
      "unitPrice": " $10.00 / 100G ",
      "onlineOnly": false
    },
    {
      "brand": "Woolworths",
      "productName": "Nestle Cerelac Baby Cereal Oats & Wheat With Prune Stage 2 200g",
      "category": "Baby",
      "imageURL": "https://cdn0.woolworths.media/content/wowproductimages/medium/061860.jpg",
      "discountedPrice": 3.7,
      "originalPrice": 4.6,
      "percent": 20,
      "savings": 0.9,
      "unitPrice": " $1.85 / 100G ",
      "onlineOnly": false
    },
    {
      "brand": "Woolworths",
      "productName": "Johnson's Baby Wash Bedtime Bath 500ml",
      "category": "Baby",
      "imageURL": "https://cdn0.woolworths.media/content/wowproductimages/medium/169285.jpg",
      "discountedPrice": 5.7,
      "originalPrice": 9.5,
      "percent": 40,
      "savings": 3.8,
      "unitPrice": " $1.14 / 100ML ",
      "onlineOnly": false
    },
    {
      "brand": "Woolworths",
      "productName": "Nestle Cerelac Baby Cereal Banana And Apple Stage 3 200g",
      "category": "Baby",
      "imageURL": "https://cdn0.woolworths.media/content/wowproductimages/medium/838881.jpg",
      "discountedPrice": 3.7,
      "originalPrice": 4.6,
      "percent": 20,
      "savings": 0.9,
      "unitPrice": " $1.85 / 100G ",
      "onlineOnly": false
    },
    {
      "brand": "Woolworths",
      "productName": "Huggies Baby Wipes Fragrance Free Clutch & Go 32 pack",
      "category": "Baby",
      "imageURL": "https://cdn0.woolworths.media/content/wowproductimages/medium/016842.jpg",
      "discountedPrice": 5.5,
      "originalPrice": 7,
      "percent": 21,
      "savings": 1.5,
      "unitPrice": " $17.19 / 100EA ",
      "onlineOnly": false
    },
    {
      "brand": "Woolworths",
      "productName": "Only Organic Snack Teething Rusks 100g",
      "category": "Baby",
      "imageURL": "https://cdn0.woolworths.media/content/wowproductimages/medium/333589.jpg",
      "discountedPrice": 2.15,
      "originalPrice": 3.1,
      "percent": 31,
      "savings": 0.95,
      "unitPrice": " $2.15 / 100G ",
      "onlineOnly": false
    },
    {
      "brand": "Woolworths",
      "productName": "Only Organic Mango Chicken & Coconut Rice 170g",
      "category": "Baby",
      "imageURL": "https://cdn0.woolworths.media/content/wowproductimages/medium/682039.jpg",
      "discountedPrice": 2,
      "originalPrice": 2.9,
      "percent": 31,
      "savings": 0.9,
      "unitPrice": " $1.18 / 100G ",
      "onlineOnly": false
    },
    {
      "brand": "Woolworths",
      "productName": "Nestle Cerelac Baby Cereal Muesli With Pear Stage 3 200g",
      "category": "Baby",
      "imageURL": "https://cdn0.woolworths.media/content/wowproductimages/medium/500113.jpg",
      "discountedPrice": 3.7,
      "originalPrice": 4.6,
      "percent": 20,
      "savings": 0.9,
      "unitPrice": " $1.85 / 100G ",
      "onlineOnly": false
    },
    {
      "brand": "Woolworths",
      "productName": "Huggies Baby Wipes Fragrance Free 80 pack",
      "category": "Baby",
      "imageURL": "https://cdn0.woolworths.media/content/wowproductimages/medium/020391.jpg",
      "discountedPrice": 3.5,
      "originalPrice": 4,
      "percent": 13,
      "savings": 0.5,
      "unitPrice": " $4.38 / 100EA ",
      "onlineOnly": false
    },
    {
      "brand": "Woolworths",
      "productName": "Only Organic 8 Months+ Banana Raspberry & Vanilla 120g",
      "category": "Baby",
      "imageURL": "https://cdn0.woolworths.media/content/wowproductimages/medium/333290.jpg",
      "discountedPrice": 1.4,
      "originalPrice": 2,
      "percent": 30,
      "savings": 0.6,
      "unitPrice": " $1.17 / 100G ",
      "onlineOnly": false
    },
    {
      "brand": "Woolworths",
      "productName": "Johnson's Bath Milk & Rice 500ml",
      "category": "Baby",
      "imageURL": "https://cdn0.woolworths.media/content/wowproductimages/medium/935587.jpg",
      "discountedPrice": 5.7,
      "originalPrice": 9.5,
      "percent": 40,
      "savings": 3.8,
      "unitPrice": " $1.14 / 100ML ",
      "onlineOnly": false
    },
    {
      "brand": "Woolworths",
      "productName": "Only Organic Pasta Bolognese 170g",
      "category": "Baby",
      "imageURL": "https://cdn0.woolworths.media/content/wowproductimages/medium/660268.jpg",
      "discountedPrice": 2,
      "originalPrice": 2.9,
      "percent": 31,
      "savings": 0.9,
      "unitPrice": " $1.18 / 100G ",
      "onlineOnly": false
    },
    {
      "brand": "Woolworths",
      "productName": "Only Organic Mango Coconut & Quinoa 120g",
      "category": "Baby",
      "imageURL": "https://cdn0.woolworths.media/content/wowproductimages/medium/053366.jpg",
      "discountedPrice": 1.4,
      "originalPrice": 2,
      "percent": 30,
      "savings": 0.6,
      "unitPrice": " $1.17 / 100G ",
      "onlineOnly": false
    },
    {
      "brand": "Woolworths",
      "productName": "Only Organic Carrot & Apple Rice Cakes 20g",
      "category": "Baby",
      "imageURL": "https://cdn0.woolworths.media/content/wowproductimages/medium/101462.jpg",
      "discountedPrice": 1.75,
      "originalPrice": 2.5,
      "percent": 30,
      "savings": 0.75,
      "unitPrice": " $8.75 / 100G ",
      "onlineOnly": false
    },
    {
      "brand": "Woolworths",
      "productName": "Johnson's Baby Conditioning Shampoo 500ml",
      "category": "Baby",
      "imageURL": "https://cdn0.woolworths.media/content/wowproductimages/medium/114111.jpg",
      "discountedPrice": 5.7,
      "originalPrice": 9.5,
      "percent": 40,
      "savings": 3.8,
      "unitPrice": " $1.14 / 100ML ",
      "onlineOnly": false
    },
    {
      "brand": "Woolworths",
      "productName": "Only Organic 6 Months+ Apple Banana & Mango 120g",
      "category": "Baby",
      "imageURL": "https://cdn0.woolworths.media/content/wowproductimages/medium/333288.jpg",
      "discountedPrice": 1.4,
      "originalPrice": 2,
      "percent": 30,
      "savings": 0.6,
      "unitPrice": " $1.17 / 100G ",
      "onlineOnly": false
    },
    {
      "brand": "Woolworths",
      "productName": "Disney Frozen Reusable Cold Pack each",
      "category": "Baby",
      "imageURL": "https://cdn0.woolworths.media/content/wowproductimages/medium/380116.jpg",
      "discountedPrice": 3.2,
      "originalPrice": 4,
      "percent": 20,
      "savings": 0.8,
      "unitPrice": "No unit price available",
      "onlineOnly": false
    },
    {
      "brand": "Woolworths",
      "productName": "Johnson's Baby Lotion 500ml",
      "category": "Baby",
      "imageURL": "https://cdn0.woolworths.media/content/wowproductimages/medium/658324.jpg",
      "discountedPrice": 5.7,
      "originalPrice": 9.5,
      "percent": 40,
      "savings": 3.8,
      "unitPrice": " $1.14 / 100ML ",
      "onlineOnly": false
    },
    {
      "brand": "Woolworths",
      "productName": "Only Organic Wild Rice Risotto Spring Lamb Wild Rice Risotto Spring Lamb 120g",
      "category": "Baby",
      "imageURL": "https://cdn0.woolworths.media/content/wowproductimages/medium/710423.jpg",
      "discountedPrice": 1.4,
      "originalPrice": 2,
      "percent": 30,
      "savings": 0.6,
      "unitPrice": " $1.17 / 100G ",
      "onlineOnly": false
    },
    {
      "brand": "Woolworths",
      "productName": "Only Organic 8 Months+ Carrot Red Lentils & Cheddar 120g",
      "category": "Baby",
      "imageURL": "https://cdn0.woolworths.media/content/wowproductimages/medium/710425.jpg",
      "discountedPrice": 1.4,
      "originalPrice": 2,
      "percent": 30,
      "savings": 0.6,
      "unitPrice": " $1.17 / 100G ",
      "onlineOnly": false
    },
    {
      "brand": "Woolworths",
      "productName": "Johnson's Baby Cottontouch Newborn Wash & Shampoo 500ml",
      "category": "Baby",
      "imageURL": "https://cdn0.woolworths.media/content/wowproductimages/medium/880529.jpg",
      "discountedPrice": 6,
      "originalPrice": 10,
      "percent": 40,
      "savings": 4,
      "unitPrice": " $1.20 / 100ML ",
      "onlineOnly": false
    },
    {
      "brand": "Woolworths",
      "productName": "Bubs Goat Infant Formula Stage 1 800g",
      "category": "Baby",
      "imageURL": "https://cdn0.woolworths.media/content/wowproductimages/medium/023523.jpg",
      "discountedPrice": 30,
      "originalPrice": 38,
      "percent": 21,
      "savings": 8,
      "unitPrice": " $3.75 / 100G ",
      "onlineOnly": false
    },
    {
      "brand": "Woolworths",
      "productName": "Bubs Goat Stage 2 Formula Stage 2 800g",
      "category": "Baby",
      "imageURL": "https://cdn0.woolworths.media/content/wowproductimages/medium/023524.jpg",
      "discountedPrice": 30,
      "originalPrice": 38,
      "percent": 21,
      "savings": 8,
      "unitPrice": " $3.75 / 100G ",
      "onlineOnly": false
    },
    {
      "brand": "Woolworths",
      "productName": "Bubs Goat Stage 3 Formula Stage 3 800g",
      "category": "Baby",
      "imageURL": "https://cdn0.woolworths.media/content/wowproductimages/medium/023525.jpg",
      "discountedPrice": 30,
      "originalPrice": 38,
      "percent": 21,
      "savings": 8,
      "unitPrice": " $3.75 / 100G ",
      "onlineOnly": false
    },
    {
      "brand": "Woolworths",
      "productName": "Only Organic Ancient Grains Risotto 170g",
      "category": "Baby",
      "imageURL": "https://cdn0.woolworths.media/content/wowproductimages/medium/032934.jpg",
      "discountedPrice": 2,
      "originalPrice": 2.9,
      "percent": 31,
      "savings": 0.9,
      "unitPrice": " $1.18 / 100G ",
      "onlineOnly": false
    },
    {
      "brand": "Woolworths",
      "productName": "Only Organic Mango & Banana Puffs 20g",
      "category": "Baby",
      "imageURL": "https://cdn0.woolworths.media/content/wowproductimages/medium/078576.jpg",
      "discountedPrice": 2,
      "originalPrice": 3,
      "percent": 33,
      "savings": 1,
      "unitPrice": " $10.00 / 100G ",
      "onlineOnly": false
    },
    {
      "brand": "Woolworths",
      "productName": "Bubs Organic Grass Fed Follow On Formula Stage 2 800g",
      "category": "Baby",
      "imageURL": "https://cdn0.woolworths.media/content/wowproductimages/medium/088164.jpg",
      "discountedPrice": 27,
      "originalPrice": 30,
      "percent": 10,
      "savings": 3,
      "unitPrice": " $3.38 / 100G ",
      "onlineOnly": false
    },
    {
      "brand": "Woolworths",
      "productName": "Bubs Organic Grass Fed Toddler Formula Stage 3 800g",
      "category": "Baby",
      "imageURL": "https://cdn0.woolworths.media/content/wowproductimages/medium/088504.jpg",
      "discountedPrice": 25,
      "originalPrice": 28,
      "percent": 11,
      "savings": 3,
      "unitPrice": " $3.13 / 100G ",
      "onlineOnly": false
    },
    {
      "brand": "Woolworths",
      "productName": "Huggies Ultimate Nappy Pants Size 6 16kg & Over Boys & Girls 45 pack",
      "category": "Baby",
      "imageURL": "https://cdn0.woolworths.media/content/wowproductimages/medium/089315.jpg",
      "discountedPrice": 27,
      "originalPrice": 30,
      "percent": 10,
      "savings": 3,
      "unitPrice": " $0.60 / 1EA ",
      "onlineOnly": false
    },
    {
      "brand": "Woolworths",
      "productName": "Huggies Ultimate Nappy Pants Size 5 14-18kg Boys & Girls 51 pack",
      "category": "Baby",
      "imageURL": "https://cdn0.woolworths.media/content/wowproductimages/medium/089792.jpg",
      "discountedPrice": 27,
      "originalPrice": 30,
      "percent": 10,
      "savings": 3,
      "unitPrice": " $0.53 / 1EA ",
      "onlineOnly": false
    },
    {
      "brand": "Woolworths",
      "productName": "Johnson's Shampoo 500ml",
      "category": "Baby",
      "imageURL": "https://cdn0.woolworths.media/content/wowproductimages/medium/114110.jpg",
      "discountedPrice": 5.7,
      "originalPrice": 9.5,
      "percent": 40,
      "savings": 3.8,
      "unitPrice": " $1.14 / 100ML ",
      "onlineOnly": false
    },
    {
      "brand": "Woolworths",
      "productName": "Johnson's Baby Oil With Aloe Vera & Vitamin E 500ml",
      "category": "Baby",
      "imageURL": "https://cdn0.woolworths.media/content/wowproductimages/medium/118616.jpg",
      "discountedPrice": 5.7,
      "originalPrice": 9.5,
      "percent": 40,
      "savings": 3.8,
      "unitPrice": " $1.14 / 100ML ",
      "onlineOnly": false
    },
    {
      "brand": "Woolworths",
      "productName": "Bepanthen Antiseptic Soothing Cream 100g",
      "category": "Baby",
      "imageURL": "https://cdn0.woolworths.media/content/wowproductimages/medium/135704.jpg",
      "discountedPrice": 9,
      "originalPrice": 12,
      "percent": 25,
      "savings": 3,
      "unitPrice": " $9.00 / 100G ",
      "onlineOnly": false
    },
    {
      "brand": "Woolworths",
      "productName": "Johnson's Baby Wash Top To Toe Bath 500ml",
      "category": "Baby",
      "imageURL": "https://cdn0.woolworths.media/content/wowproductimages/medium/145539.jpg",
      "discountedPrice": 5.7,
      "originalPrice": 9.5,
      "percent": 40,
      "savings": 3.8,
      "unitPrice": " $1.14 / 100ML ",
      "onlineOnly": false
    },
    {
      "brand": "Woolworths",
      "productName": "Only Organic 4 Months+ Apple Peach & Apricot 120g",
      "category": "Baby",
      "imageURL": "https://cdn0.woolworths.media/content/wowproductimages/medium/322266.jpg",
      "discountedPrice": 1.4,
      "originalPrice": 2,
      "percent": 30,
      "savings": 0.6,
      "unitPrice": " $1.17 / 100G ",
      "onlineOnly": false
    },
    {
      "brand": "Woolworths",
      "productName": "Only Organic 4 Months+ Banana & Apple 120g",
      "category": "Baby",
      "imageURL": "https://cdn0.woolworths.media/content/wowproductimages/medium/322268.jpg",
      "discountedPrice": 1.4,
      "originalPrice": 2,
      "percent": 30,
      "savings": 0.6,
      "unitPrice": " $1.17 / 100G ",
      "onlineOnly": false
    },
    {
      "brand": "Woolworths",
      "productName": "Babylove Sleepy Nights Overnight Pants 25-57kg 8 pack",
      "category": "Baby",
      "imageURL": "https://cdn0.woolworths.media/content/wowproductimages/medium/334825.jpg",
      "discountedPrice": 9,
      "originalPrice": 11,
      "percent": 18,
      "savings": 2,
      "unitPrice": " $1.13 / 1EA ",
      "onlineOnly": false
    },
    {
      "brand": "Woolworths",
      "productName": "Huggies Baby Wipes Cucumber & Aloe 80 pack",
      "category": "Baby",
      "imageURL": "https://cdn0.woolworths.media/content/wowproductimages/medium/368693.jpg",
      "discountedPrice": 3.5,
      "originalPrice": 4,
      "percent": 13,
      "savings": 0.5,
      "unitPrice": " $4.38 / 100EA ",
      "onlineOnly": false
    },
    {
      "brand": "Woolworths",
      "productName": "Only Organic 6 Months+ Vanilla Bean Custard 120g",
      "category": "Baby",
      "imageURL": "https://cdn0.woolworths.media/content/wowproductimages/medium/372442.jpg",
      "discountedPrice": 1.4,
      "originalPrice": 2,
      "percent": 30,
      "savings": 0.6,
      "unitPrice": " $1.17 / 100G ",
      "onlineOnly": false
    },
    {
      "brand": "Woolworths",
      "productName": "Only Organic 8 Months+ Mango & Yoghurt Brekkie 120g",
      "category": "Baby",
      "imageURL": "https://cdn0.woolworths.media/content/wowproductimages/medium/372450.jpg",
      "discountedPrice": 1.4,
      "originalPrice": 2,
      "percent": 30,
      "savings": 0.6,
      "unitPrice": " $1.17 / 100G ",
      "onlineOnly": false
    },
    {
      "brand": "Woolworths",
      "productName": "Aptamil Gold+ Toddler Formula Stage 3 12 Months+ 900g",
      "category": "Baby",
      "imageURL": "https://cdn0.woolworths.media/content/wowproductimages/medium/378533.jpg",
      "discountedPrice": 20,
      "originalPrice": 23,
      "percent": 13,
      "savings": 3,
      "unitPrice": " $2.22 / 100G ",
      "onlineOnly": true
    },
    {
      "brand": "Woolworths",
      "productName": "Aptamil Gold+ Junior Formula Stage 4 2 Years 900g",
      "category": "Baby",
      "imageURL": "https://cdn0.woolworths.media/content/wowproductimages/medium/378535.jpg",
      "discountedPrice": 20,
      "originalPrice": 23,
      "percent": 13,
      "savings": 3,
      "unitPrice": " $2.22 / 100G ",
      "onlineOnly": true
    },
    {
      "brand": "Woolworths",
      "productName": "Babylove Nappy Pants Wriggler 38 pack",
      "category": "Baby",
      "imageURL": "https://cdn0.woolworths.media/content/wowproductimages/medium/497574.jpg",
      "discountedPrice": 13,
      "originalPrice": 17,
      "percent": 24,
      "savings": 4,
      "unitPrice": " $0.38 / 1EA ",
      "onlineOnly": false
    },
    {
      "brand": "Woolworths",
      "productName": "Babylove Sleepy Nights 2-4 Years Overnight Pants 12 pack",
      "category": "Baby",
      "imageURL": "https://cdn0.woolworths.media/content/wowproductimages/medium/499177.jpg",
      "discountedPrice": 9,
      "originalPrice": 11,
      "percent": 18,
      "savings": 2,
      "unitPrice": " $0.75 / 1EA ",
      "onlineOnly": false
    },
    {
      "brand": "Woolworths",
      "productName": "Huggies Baby Wipes Coconut 80 pack",
      "category": "Baby",
      "imageURL": "https://cdn0.woolworths.media/content/wowproductimages/medium/500427.jpg",
      "discountedPrice": 3.5,
      "originalPrice": 4,
      "percent": 13,
      "savings": 0.5,
      "unitPrice": " $4.38 / 100EA ",
      "onlineOnly": false
    },
    {
      "brand": "Woolworths",
      "productName": "Munchkin Grass Fed Milk Based Toddler Drink Stage 3 730g",
      "category": "Baby",
      "imageURL": "https://cdn0.woolworths.media/content/wowproductimages/medium/508299.jpg",
      "discountedPrice": 23,
      "originalPrice": 25,
      "percent": 8,
      "savings": 2,
      "unitPrice": " $3.15 / 100G ",
      "onlineOnly": false
    },
    {
      "brand": "Woolworths",
      "productName": "Munchkin Stage 1 Infant Formula 730g",
      "category": "Baby",
      "imageURL": "https://cdn0.woolworths.media/content/wowproductimages/medium/508307.jpg",
      "discountedPrice": 28,
      "originalPrice": 30,
      "percent": 7,
      "savings": 2,
      "unitPrice": " $3.84 / 100G ",
      "onlineOnly": false
    },
    {
      "brand": "Woolworths",
      "productName": "Munchkin Stage 2 Follow On Formula 730g",
      "category": "Baby",
      "imageURL": "https://cdn0.woolworths.media/content/wowproductimages/medium/508308.jpg",
      "discountedPrice": 28,
      "originalPrice": 30,
      "percent": 7,
      "savings": 2,
      "unitPrice": " $3.84 / 100G ",
      "onlineOnly": false
    },
    {
      "brand": "Woolworths",
      "productName": "Only Organic Kumara Crt & Coco Rice 170g",
      "category": "Baby",
      "imageURL": "https://cdn0.woolworths.media/content/wowproductimages/medium/660273.jpg",
      "discountedPrice": 2,
      "originalPrice": 2.9,
      "percent": 31,
      "savings": 0.9,
      "unitPrice": " $1.18 / 100G ",
      "onlineOnly": false
    },
    {
      "brand": "Woolworths",
      "productName": "Gaia Baby Wipes 240 pack",
      "category": "Baby",
      "imageURL": "https://cdn0.woolworths.media/content/wowproductimages/medium/699138.jpg",
      "discountedPrice": 11.2,
      "originalPrice": 14.7,
      "percent": 24,
      "savings": 3.5,
      "unitPrice": " $4.67 / 100EA ",
      "onlineOnly": false
    },
    {
      "brand": "Woolworths",
      "productName": "Babylove Sleepy Nights Overnight Pants 18-35kg 9 pack",
      "category": "Baby",
      "imageURL": "https://cdn0.woolworths.media/content/wowproductimages/medium/715632.jpg",
      "discountedPrice": 9,
      "originalPrice": 11,
      "percent": 18,
      "savings": 2,
      "unitPrice": " $1.00 / 1EA ",
      "onlineOnly": false
    },
    {
      "brand": "Woolworths",
      "productName": "Sudocrem Nappy Cream 400g",
      "category": "Baby",
      "imageURL": "https://cdn0.woolworths.media/content/wowproductimages/medium/729413.jpg",
      "discountedPrice": 20,
      "originalPrice": 25.5,
      "percent": 22,
      "savings": 5.5,
      "unitPrice": " $5.00 / 100G ",
      "onlineOnly": false
    },
    {
      "brand": "Woolworths",
      "productName": "Babylove Nappy Pants Walker 12-17kg 25 pack",
      "category": "Baby",
      "imageURL": "https://cdn0.woolworths.media/content/wowproductimages/medium/740039.jpg",
      "discountedPrice": 13,
      "originalPrice": 17,
      "percent": 24,
      "savings": 4,
      "unitPrice": " $0.52 / 1EA ",
      "onlineOnly": false
    },
    {
      "brand": "Woolworths",
      "productName": "Babylove Nappy Pants Junior 15-25kg 22 pack",
      "category": "Baby",
      "imageURL": "https://cdn0.woolworths.media/content/wowproductimages/medium/740040.jpg",
      "discountedPrice": 13,
      "originalPrice": 17,
      "percent": 24,
      "savings": 4,
      "unitPrice": " $0.59 / 1EA ",
      "onlineOnly": false
    },
    {
      "brand": "Woolworths",
      "productName": "Babylove Nappy Pants Toddler 9-14kg 28 pack",
      "category": "Baby",
      "imageURL": "https://cdn0.woolworths.media/content/wowproductimages/medium/740127.jpg",
      "discountedPrice": 13,
      "originalPrice": 17,
      "percent": 24,
      "savings": 4,
      "unitPrice": " $0.46 / 1EA ",
      "onlineOnly": false
    },
    {
      "brand": "Woolworths",
      "productName": "Huggies Ultimate Nappies Size 3 72 pack",
      "category": "Baby",
      "imageURL": "https://cdn0.woolworths.media/content/wowproductimages/medium/807663.jpg",
      "discountedPrice": 27,
      "originalPrice": 30,
      "percent": 10,
      "savings": 3,
      "unitPrice": " $0.38 / 1EA ",
      "onlineOnly": false
    },
    {
      "brand": "Woolworths",
      "productName": "Huggies Ultimate Nappies Size 5 52 pack",
      "category": "Baby",
      "imageURL": "https://cdn0.woolworths.media/content/wowproductimages/medium/807676.jpg",
      "discountedPrice": 27,
      "originalPrice": 30,
      "percent": 10,
      "savings": 3,
      "unitPrice": " $0.52 / 1EA ",
      "onlineOnly": false
    },
    {
      "brand": "Woolworths",
      "productName": "Huggies Ultimate Nappies Size 4 58 pack",
      "category": "Baby",
      "imageURL": "https://cdn0.woolworths.media/content/wowproductimages/medium/807685.jpg",
      "discountedPrice": 27,
      "originalPrice": 30,
      "percent": 10,
      "savings": 3,
      "unitPrice": " $0.47 / 1EA ",
      "onlineOnly": false
    },
    {
      "brand": "Woolworths",
      "productName": "Bonds Zip Wondersuit Blue Star Size 000 To 2 each",
      "category": "Baby",
      "imageURL": "https://cdn0.woolworths.media/content/wowproductimages/medium/858877.jpg",
      "discountedPrice": 13.2,
      "originalPrice": 22,
      "percent": 40,
      "savings": 8.8,
      "unitPrice": "No unit price available",
      "onlineOnly": false
    },
    {
      "brand": "Woolworths",
      "productName": "Naty Baby Wipes Unscented 56 pack",
      "category": "Baby",
      "imageURL": "https://cdn0.woolworths.media/content/wowproductimages/medium/894372.jpg",
      "discountedPrice": 3.5,
      "originalPrice": 5,
      "percent": 30,
      "savings": 1.5,
      "unitPrice": " $6.25 / 100EA ",
      "onlineOnly": false
    },
    {
      "brand": "Woolworths",
      "productName": "Happy Little Camper Walker Natural Nappies 25 pack",
      "category": "Baby",
      "imageURL": "https://cdn0.woolworths.media/content/wowproductimages/medium/082586.jpg",
      "discountedPrice": 10,
      "originalPrice": 14,
      "percent": 29,
      "savings": 4,
      "unitPrice": " $0.40 / 1EA ",
      "onlineOnly": false
    },
    {
      "brand": "Woolworths",
      "productName": "Happy Little Camper Crawler Natural Nappies 31 pack",
      "category": "Baby",
      "imageURL": "https://cdn0.woolworths.media/content/wowproductimages/medium/084636.jpg",
      "discountedPrice": 10,
      "originalPrice": 14,
      "percent": 29,
      "savings": 4,
      "unitPrice": " $0.32 / 1EA ",
      "onlineOnly": false
    },
    {
      "brand": "Woolworths",
      "productName": "Happy Little Camper Infant Natural Nappies 36 pack",
      "category": "Baby",
      "imageURL": "https://cdn0.woolworths.media/content/wowproductimages/medium/084684.jpg",
      "discountedPrice": 10,
      "originalPrice": 14,
      "percent": 29,
      "savings": 4,
      "unitPrice": " $0.28 / 1EA ",
      "onlineOnly": false
    },
    {
      "brand": "Woolworths",
      "productName": "Nyal Tablets Chesty Non Drowsy 200ml",
      "category": "Health & Beauty",
      "imageURL": "https://cdn0.woolworths.media/content/wowproductimages/medium/000389.jpg",
      "discountedPrice": 6.8,
      "originalPrice": 8.5,
      "percent": 20,
      "savings": 1.7,
      "unitPrice": " $3.40 / 100ML ",
      "onlineOnly": false
    },
    {
      "brand": "Woolworths",
      "productName": "Cancer Council Spf 30+ Sunscreen Everyday 110ml",
      "category": "Health & Beauty",
      "imageURL": "https://cdn0.woolworths.media/content/wowproductimages/medium/000429.jpg",
      "discountedPrice": 9.6,
      "originalPrice": 12,
      "percent": 20,
      "savings": 2.4,
      "unitPrice": " $8.73 / 100ML ",
      "onlineOnly": false
    },
    {
      "brand": "Woolworths",
      "productName": "L'oreal Paris Preference 5 Palma Brown each",
      "category": "Health & Beauty",
      "imageURL": "https://cdn0.woolworths.media/content/wowproductimages/medium/002328.jpg",
      "discountedPrice": 11.4,
      "originalPrice": 19,
      "percent": 40,
      "savings": 7.6,
      "unitPrice": "No unit price available",
      "onlineOnly": true
    },
    {
      "brand": "Woolworths",
      "productName": "L'oreal Paris Preference 10.21 Alaska Pearl Blonde each",
      "category": "Health & Beauty",
      "imageURL": "https://cdn0.woolworths.media/content/wowproductimages/medium/002447.jpg",
      "discountedPrice": 11.4,
      "originalPrice": 19,
      "percent": 40,
      "savings": 7.6,
      "unitPrice": "No unit price available",
      "onlineOnly": true
    },
    {
      "brand": "Woolworths",
      "productName": "L'oreal Paris Preference 9.1 Viking Light Ash Blonde each",
      "category": "Health & Beauty",
      "imageURL": "https://cdn0.woolworths.media/content/wowproductimages/medium/002517.jpg",
      "discountedPrice": 11.4,
      "originalPrice": 19,
      "percent": 40,
      "savings": 7.6,
      "unitPrice": "No unit price available",
      "onlineOnly": true
    },
    {
      "brand": "Woolworths",
      "productName": "Cottons Tampons Regular 16 pack",
      "category": "Health & Beauty",
      "imageURL": "https://cdn0.woolworths.media/content/wowproductimages/medium/003671.jpg",
      "discountedPrice": 3,
      "originalPrice": 4.8,
      "percent": 37,
      "savings": 1.8,
      "unitPrice": " $0.19 / 1EA ",
      "onlineOnly": false
    },
    {
      "brand": "Woolworths",
      "productName": "Cottons Tampons Super 16 pack",
      "category": "Health & Beauty",
      "imageURL": "https://cdn0.woolworths.media/content/wowproductimages/medium/003734.jpg",
      "discountedPrice": 3,
      "originalPrice": 4.8,
      "percent": 37,
      "savings": 1.8,
      "unitPrice": " $0.19 / 1EA ",
      "onlineOnly": false
    },
    {
      "brand": "Woolworths",
      "productName": "Tiger Balm Red Extra Strength 18g",
      "category": "Health & Beauty",
      "imageURL": "https://cdn0.woolworths.media/content/wowproductimages/medium/004781.jpg",
      "discountedPrice": 6.6,
      "originalPrice": 8.3,
      "percent": 20,
      "savings": 1.7,
      "unitPrice": " $36.67 / 100G ",
      "onlineOnly": false
    },
    {
      "brand": "Woolworths",
      "productName": "Palmolive Naturals Liquid Hand Wash Soap Aloe Vera & Chamomile 250ml",
      "category": "Health & Beauty",
      "imageURL": "https://cdn0.woolworths.media/content/wowproductimages/medium/004894.jpg",
      "discountedPrice": 2,
      "originalPrice": 2.79,
      "percent": 28,
      "savings": 0.79,
      "unitPrice": " $0.80 / 100ML ",
      "onlineOnly": false
    },
    {
      "brand": "Woolworths",
      "productName": "Nivea Moisturising Day Face Cream Fluid Spf15 50ml",
      "category": "Health & Beauty",
      "imageURL": "https://cdn0.woolworths.media/content/wowproductimages/medium/005128.jpg",
      "discountedPrice": 5.6,
      "originalPrice": 8,
      "percent": 30,
      "savings": 2.4,
      "unitPrice": " $11.20 / 100ML ",
      "onlineOnly": false
    },
    {
      "brand": "Woolworths",
      "productName": "Blackmores Mega B Complex Tablets 75 pack",
      "category": "Health & Beauty",
      "imageURL": "https://cdn0.woolworths.media/content/wowproductimages/medium/006370.jpg",
      "discountedPrice": 12,
      "originalPrice": 24,
      "percent": 50,
      "savings": 12,
      "unitPrice": " $16.00 / 100EA ",
      "onlineOnly": false
    },
    {
      "brand": "Woolworths",
      "productName": "Nature's Way Protein Powder Instant Natural 375g",
      "category": "Health & Beauty",
      "imageURL": "https://cdn0.woolworths.media/content/wowproductimages/medium/007821.jpg",
      "discountedPrice": 14.7,
      "originalPrice": 21,
      "percent": 30,
      "savings": 6.3,
      "unitPrice": " $3.92 / 100G ",
      "onlineOnly": false
    },
    {
      "brand": "Woolworths",
      "productName": "Schwarzkopf Extra Care Hair Spray Strong Hold 250g",
      "category": "Health & Beauty",
      "imageURL": "https://cdn0.woolworths.media/content/wowproductimages/medium/008617.jpg",
      "discountedPrice": 6,
      "originalPrice": 7,
      "percent": 14,
      "savings": 1,
      "unitPrice": " $2.40 / 100G ",
      "onlineOnly": false
    },
    {
      "brand": "Woolworths",
      "productName": "U By Kotex Cotton Liners 26 pack",
      "category": "Health & Beauty",
      "imageURL": "https://cdn0.woolworths.media/content/wowproductimages/medium/009208.jpg",
      "discountedPrice": 1.75,
      "originalPrice": 3.5,
      "percent": 50,
      "savings": 1.75,
      "unitPrice": " $0.07 / 1EA ",
      "onlineOnly": true
    },
    {
      "brand": "Woolworths",
      "productName": "Maybelline Color Sensational Lipstick Plum 4.2g",
      "category": "Health & Beauty",
      "imageURL": "https://cdn0.woolworths.media/content/wowproductimages/medium/012081.jpg",
      "discountedPrice": 12,
      "originalPrice": 20,
      "percent": 40,
      "savings": 8,
      "unitPrice": " $28.57 / 10G ",
      "onlineOnly": true
    },
    {
      "brand": "Woolworths",
      "productName": "Maybelline Color Sensational Lipstick Mauve 4.2g",
      "category": "Health & Beauty",
      "imageURL": "https://cdn0.woolworths.media/content/wowproductimages/medium/012133.jpg",
      "discountedPrice": 12,
      "originalPrice": 20,
      "percent": 40,
      "savings": 8,
      "unitPrice": " $28.57 / 10G ",
      "onlineOnly": true
    },
    {
      "brand": "Woolworths",
      "productName": "Maybelline Color Sensational Lipstick Pink 4.2g",
      "category": "Health & Beauty",
      "imageURL": "https://cdn0.woolworths.media/content/wowproductimages/medium/012137.jpg",
      "discountedPrice": 12,
      "originalPrice": 20,
      "percent": 40,
      "savings": 8,
      "unitPrice": " $28.57 / 10G ",
      "onlineOnly": true
    },
    {
      "brand": "Woolworths",
      "productName": "Maybelline Color Sensational Lipstick Red 4.2g",
      "category": "Health & Beauty",
      "imageURL": "https://cdn0.woolworths.media/content/wowproductimages/medium/012151.jpg",
      "discountedPrice": 12,
      "originalPrice": 20,
      "percent": 40,
      "savings": 8,
      "unitPrice": " $28.57 / 10G ",
      "onlineOnly": true
    },
    {
      "brand": "Woolworths",
      "productName": "Maybelline Superstay Matte Ink Bricks Artist 5ml",
      "category": "Health & Beauty",
      "imageURL": "https://cdn0.woolworths.media/content/wowproductimages/medium/012164.jpg",
      "discountedPrice": 13.2,
      "originalPrice": 22,
      "percent": 40,
      "savings": 8.8,
      "unitPrice": " $26.40 / 10ML ",
      "onlineOnly": true
    },
    {
      "brand": "Woolworths",
      "productName": "Mcobeauty Rose Lip Balm 15g",
      "category": "Health & Beauty",
      "imageURL": "https://cdn0.woolworths.media/content/wowproductimages/medium/012843.jpg",
      "discountedPrice": 7,
      "originalPrice": 10,
      "percent": 30,
      "savings": 3,
      "unitPrice": " $4.67 / 10G ",
      "onlineOnly": false
    },
    {
      "brand": "Woolworths",
      "productName": "Nivea Extra Gentle Eye Makeup Remover + Provitamin B5 125ml",
      "category": "Health & Beauty",
      "imageURL": "https://cdn0.woolworths.media/content/wowproductimages/medium/013865.jpg",
      "discountedPrice": 6.4,
      "originalPrice": 9.25,
      "percent": 31,
      "savings": 2.85,
      "unitPrice": " $5.12 / 100ML ",
      "onlineOnly": false
    },
    {
      "brand": "Woolworths",
      "productName": "Maybelline City Mini Palette Eye Shadow Rooftop Bronze 4g",
      "category": "Health & Beauty",
      "imageURL": "https://cdn0.woolworths.media/content/wowproductimages/medium/014147.jpg",
      "discountedPrice": 12,
      "originalPrice": 20,
      "percent": 40,
      "savings": 8,
      "unitPrice": " $30.00 / 10G ",
      "onlineOnly": true
    },
    {
      "brand": "Woolworths",
      "productName": "Maybelline Lasting Fix Make Up Setting Spray 100ml",
      "category": "Health & Beauty",
      "imageURL": "https://cdn0.woolworths.media/content/wowproductimages/medium/014151.jpg",
      "discountedPrice": 10.8,
      "originalPrice": 18,
      "percent": 40,
      "savings": 7.2,
      "unitPrice": " $1.08 / 10ML ",
      "onlineOnly": true
    },
    {
      "brand": "Woolworths",
      "productName": "Swisspers Cotton Pads Make Up 80pk",
      "category": "Health & Beauty",
      "imageURL": "https://cdn0.woolworths.media/content/wowproductimages/medium/015722.jpg",
      "discountedPrice": 3.2,
      "originalPrice": 3.75,
      "percent": 15,
      "savings": 0.55,
      "unitPrice": " $4.00 / 100EA ",
      "onlineOnly": false
    },
    {
      "brand": "Woolworths",
      "productName": "Body Science Whey Protein Chocolate 400g",
      "category": "Health & Beauty",
      "imageURL": "https://cdn0.woolworths.media/content/wowproductimages/medium/016486.jpg",
      "discountedPrice": 16.1,
      "originalPrice": 23,
      "percent": 30,
      "savings": 6.9,
      "unitPrice": " $4.03 / 100G ",
      "onlineOnly": false
    },
    {
      "brand": "Woolworths",
      "productName": "Body Science Whey Protein Vanilla 400g",
      "category": "Health & Beauty",
      "imageURL": "https://cdn0.woolworths.media/content/wowproductimages/medium/016655.jpg",
      "discountedPrice": 16.1,
      "originalPrice": 23,
      "percent": 30,
      "savings": 6.9,
      "unitPrice": " $4.03 / 100G ",
      "onlineOnly": false
    },
    {
      "brand": "Woolworths",
      "productName": "Gillette Venus Satin Care Shaving Gel Sensitive Skin 195g",
      "category": "Health & Beauty",
      "imageURL": "https://cdn0.woolworths.media/content/wowproductimages/medium/016933.jpg",
      "discountedPrice": 3.6,
      "originalPrice": 7.2,
      "percent": 50,
      "savings": 3.6,
      "unitPrice": " $1.85 / 100G ",
      "onlineOnly": false
    },
    {
      "brand": "Woolworths",
      "productName": "Nyal Cough Syrups Bronchitis Mix 200ml",
      "category": "Health & Beauty",
      "imageURL": "https://cdn0.woolworths.media/content/wowproductimages/medium/017800.jpg",
      "discountedPrice": 6.8,
      "originalPrice": 8.5,
      "percent": 20,
      "savings": 1.7,
      "unitPrice": " $3.40 / 100ML ",
      "onlineOnly": false
    },
    {
      "brand": "Woolworths",
      "productName": "Nature's Way Apple Cider Vinegar Diet Tablets 60 pack",
      "category": "Health & Beauty",
      "imageURL": "https://cdn0.woolworths.media/content/wowproductimages/medium/017963.jpg",
      "discountedPrice": 21,
      "originalPrice": 30,
      "percent": 30,
      "savings": 9,
      "unitPrice": " $35.00 / 100EA ",
      "onlineOnly": false
    },
    {
      "brand": "Woolworths",
      "productName": "Atkins Endulge Caramel Nougat 35g",
      "category": "Health & Beauty",
      "imageURL": "https://cdn0.woolworths.media/content/wowproductimages/medium/018038.jpg",
      "discountedPrice": 2.1,
      "originalPrice": 3,
      "percent": 30,
      "savings": 0.9,
      "unitPrice": " $6.00 / 100G ",
      "onlineOnly": false
    },
    {
      "brand": "Woolworths",
      "productName": "Deep Heat Extra Strength Cream 100g",
      "category": "Health & Beauty",
      "imageURL": "https://cdn0.woolworths.media/content/wowproductimages/medium/021389.jpg",
      "discountedPrice": 4,
      "originalPrice": 5.8,
      "percent": 31,
      "savings": 1.8,
      "unitPrice": " $4.00 / 100G ",
      "onlineOnly": false
    },
    {
      "brand": "Woolworths",
      "productName": "Maybelline Master Prime Anti Redness 30ml",
      "category": "Health & Beauty",
      "imageURL": "https://cdn0.woolworths.media/content/wowproductimages/medium/021452.jpg",
      "discountedPrice": 10.8,
      "originalPrice": 18,
      "percent": 40,
      "savings": 7.2,
      "unitPrice": " $3.60 / 10ML ",
      "onlineOnly": true
    },
    {
      "brand": "Woolworths",
      "productName": "Maybelline Superstay Matte Ink Bricks Self Star 5ml",
      "category": "Health & Beauty",
      "imageURL": "https://cdn0.woolworths.media/content/wowproductimages/medium/021453.jpg",
      "discountedPrice": 13.2,
      "originalPrice": 22,
      "percent": 40,
      "savings": 8.8,
      "unitPrice": " $26.40 / 10ML ",
      "onlineOnly": true
    },
    {
      "brand": "Woolworths",
      "productName": "Youfoodz Choc Peanut Protein Bites 80g",
      "category": "Health & Beauty",
      "imageURL": "https://cdn0.woolworths.media/content/wowproductimages/medium/022026.jpg",
      "discountedPrice": 3.5,
      "originalPrice": 5,
      "percent": 30,
      "savings": 1.5,
      "unitPrice": " $4.38 / 100G ",
      "onlineOnly": false
    },
    {
      "brand": "Woolworths",
      "productName": "Youfoodz Choc Chip Protein Cookie 60g",
      "category": "Health & Beauty",
      "imageURL": "https://cdn0.woolworths.media/content/wowproductimages/medium/022339.jpg",
      "discountedPrice": 2,
      "originalPrice": 3,
      "percent": 33,
      "savings": 1,
      "unitPrice": " $3.33 / 100G ",
      "onlineOnly": false
    },
    {
      "brand": "Woolworths",
      "productName": "Schwarzkopf Extra Care Hair Spray Super Styling Lacquer 250g",
      "category": "Health & Beauty",
      "imageURL": "https://cdn0.woolworths.media/content/wowproductimages/medium/022753.jpg",
      "discountedPrice": 6,
      "originalPrice": 7,
      "percent": 14,
      "savings": 1,
      "unitPrice": " $2.40 / 100G ",
      "onlineOnly": false
    },
    {
      "brand": "Woolworths",
      "productName": "Atkins Low Carb Endulge Milk Chocolate Mint Crisp 5 pack",
      "category": "Health & Beauty",
      "imageURL": "https://cdn0.woolworths.media/content/wowproductimages/medium/022776.jpg",
      "discountedPrice": 9.4,
      "originalPrice": 13.5,
      "percent": 30,
      "savings": 4.1,
      "unitPrice": " $1.88 / 1EA ",
      "onlineOnly": false
    },
    {
      "brand": "Woolworths",
      "productName": "Palmolive Foaming Liquid Hand Wash Soap Magnolia & Argan Oil 400ml",
      "category": "Health & Beauty",
      "imageURL": "https://cdn0.woolworths.media/content/wowproductimages/medium/023887.jpg",
      "discountedPrice": 4,
      "originalPrice": 7,
      "percent": 43,
      "savings": 3,
      "unitPrice": " $1.00 / 100ML ",
      "onlineOnly": false
    },
    {
      "brand": "Woolworths",
      "productName": "Colgate Plax Alcohol Free Freshmint Mouthwash 500ml",
      "category": "Health & Beauty",
      "imageURL": "https://cdn0.woolworths.media/content/wowproductimages/medium/024730.jpg",
      "discountedPrice": 3,
      "originalPrice": 6,
      "percent": 50,
      "savings": 3,
      "unitPrice": " $0.60 / 100ML ",
      "onlineOnly": false
    },
    {
      "brand": "Woolworths",
      "productName": "Palmolive Naturals Body Wash Moroccan Argan Oil Shower Gel 500ml",
      "category": "Health & Beauty",
      "imageURL": "https://cdn0.woolworths.media/content/wowproductimages/medium/024780.jpg",
      "discountedPrice": 3.2,
      "originalPrice": 5.4,
      "percent": 41,
      "savings": 2.2,
      "unitPrice": " $0.64 / 100ML ",
      "onlineOnly": false
    },
    {
      "brand": "Woolworths",
      "productName": "Keep It Cleaner Protein Ball Banana & Choc Chip 32g",
      "category": "Health & Beauty",
      "imageURL": "https://cdn0.woolworths.media/content/wowproductimages/medium/025114.jpg",
      "discountedPrice": 1.65,
      "originalPrice": 2.4,
      "percent": 31,
      "savings": 0.75,
      "unitPrice": " $5.16 / 100G ",
      "onlineOnly": false
    },
    {
      "brand": "Woolworths",
      "productName": "Keep It Cleaner Protein Ball Ruby Red Velvet 32g",
      "category": "Health & Beauty",
      "imageURL": "https://cdn0.woolworths.media/content/wowproductimages/medium/025122.jpg",
      "discountedPrice": 1.65,
      "originalPrice": 2.4,
      "percent": 31,
      "savings": 0.75,
      "unitPrice": " $5.16 / 100G ",
      "onlineOnly": false
    },
    {
      "brand": "Woolworths",
      "productName": "Colgate Plax Alcohol Free Mouthwash Peppermint 500ml",
      "category": "Health & Beauty",
      "imageURL": "https://cdn0.woolworths.media/content/wowproductimages/medium/025281.jpg",
      "discountedPrice": 3,
      "originalPrice": 6,
      "percent": 50,
      "savings": 3,
      "unitPrice": " $0.60 / 100ML ",
      "onlineOnly": false
    },
    {
      "brand": "Woolworths",
      "productName": "Schwarzkopf Taft Hair Spray Strong Hold 200g",
      "category": "Health & Beauty",
      "imageURL": "https://cdn0.woolworths.media/content/wowproductimages/medium/025950.jpg",
      "discountedPrice": 4,
      "originalPrice": 4.45,
      "percent": 10,
      "savings": 0.45,
      "unitPrice": " $2.00 / 100G ",
      "onlineOnly": false
    },
    {
      "brand": "Woolworths",
      "productName": "Keep It Cleaner Protein Ball Cinnamon Doughnut 32g",
      "category": "Health & Beauty",
      "imageURL": "https://cdn0.woolworths.media/content/wowproductimages/medium/025981.jpg",
      "discountedPrice": 1.65,
      "originalPrice": 2.4,
      "percent": 31,
      "savings": 0.75,
      "unitPrice": " $5.16 / 100G ",
      "onlineOnly": false
    },
    {
      "brand": "Woolworths",
      "productName": "Keep It Cleaner Protein Powder Chocolate 375g",
      "category": "Health & Beauty",
      "imageURL": "https://cdn0.woolworths.media/content/wowproductimages/medium/026073.jpg",
      "discountedPrice": 21,
      "originalPrice": 30,
      "percent": 30,
      "savings": 9,
      "unitPrice": " $5.60 / 100G ",
      "onlineOnly": false
    },
    {
      "brand": "Woolworths",
      "productName": "Keep It Cleaner Protein Powder Vanilla 375g",
      "category": "Health & Beauty",
      "imageURL": "https://cdn0.woolworths.media/content/wowproductimages/medium/026087.jpg",
      "discountedPrice": 21,
      "originalPrice": 30,
      "percent": 30,
      "savings": 9,
      "unitPrice": " $5.60 / 100G ",
      "onlineOnly": false
    },
    {
      "brand": "Woolworths",
      "productName": "Nivea Soft Moisturiser Cream Lotion With Jojoba Oil & Vitamin E 200ml",
      "category": "Health & Beauty",
      "imageURL": "https://cdn0.woolworths.media/content/wowproductimages/medium/026807.jpg",
      "discountedPrice": 7,
      "originalPrice": 10,
      "percent": 30,
      "savings": 3,
      "unitPrice": " $3.50 / 100ML ",
      "onlineOnly": false
    },
    {
      "brand": "Woolworths",
      "productName": "Alka-seltzer Lemon-lime Effervescent Tablets 20 pack",
      "category": "Health & Beauty",
      "imageURL": "https://cdn0.woolworths.media/content/wowproductimages/medium/027350.jpg",
      "discountedPrice": 6.4,
      "originalPrice": 8,
      "percent": 20,
      "savings": 1.6,
      "unitPrice": " $0.32 / 1EA ",
      "onlineOnly": false
    },
    {
      "brand": "Woolworths",
      "productName": "Atkins Plus Protein Iced Coffee 400ml",
      "category": "Health & Beauty",
      "imageURL": "https://cdn0.woolworths.media/content/wowproductimages/medium/029528.jpg",
      "discountedPrice": 3,
      "originalPrice": 4.4,
      "percent": 32,
      "savings": 1.4,
      "unitPrice": " $0.75 / 100ML ",
      "onlineOnly": false
    },
    {
      "brand": "Woolworths",
      "productName": "Elastoplast Fabric Plasters Extra Flexible 20pk",
      "category": "Health & Beauty",
      "imageURL": "https://cdn0.woolworths.media/content/wowproductimages/medium/030276.jpg",
      "discountedPrice": 3,
      "originalPrice": 3.29,
      "percent": 9,
      "savings": 0.29,
      "unitPrice": " $0.15 / 1EA ",
      "onlineOnly": false
    },
    {
      "brand": "Woolworths",
      "productName": "Stingose Antiseptic Gel Tube 25g",
      "category": "Health & Beauty",
      "imageURL": "https://cdn0.woolworths.media/content/wowproductimages/medium/030433.jpg",
      "discountedPrice": 6.7,
      "originalPrice": 8.7,
      "percent": 23,
      "savings": 2,
      "unitPrice": " $26.80 / 100G ",
      "onlineOnly": false
    },
    {
      "brand": "Woolworths",
      "productName": "Quest Protein Bar Chocolate Sprinkled Doughnut Bar 60g",
      "category": "Health & Beauty",
      "imageURL": "https://cdn0.woolworths.media/content/wowproductimages/medium/032238.jpg",
      "discountedPrice": 2,
      "originalPrice": 4,
      "percent": 50,
      "savings": 2,
      "unitPrice": " $3.33 / 100G ",
      "onlineOnly": false
    },
    {
      "brand": "Woolworths",
      "productName": "Colgate Zig Zag Deep Interdental Clean Toothbrush Medium Adult each",
      "category": "Health & Beauty",
      "imageURL": "https://cdn0.woolworths.media/content/wowproductimages/medium/034719.jpg",
      "discountedPrice": 2.5,
      "originalPrice": 3,
      "percent": 17,
      "savings": 0.5,
      "unitPrice": " $2.50 / 1EA ",
      "onlineOnly": false
    },
    {
      "brand": "Woolworths",
      "productName": "Schwarzkopf Taft Hair Lacquer Spray Maximum Hold 200g",
      "category": "Health & Beauty",
      "imageURL": "https://cdn0.woolworths.media/content/wowproductimages/medium/038101.jpg",
      "discountedPrice": 4,
      "originalPrice": 4.45,
      "percent": 10,
      "savings": 0.45,
      "unitPrice": " $2.00 / 100G ",
      "onlineOnly": false
    },
    {
      "brand": "Woolworths",
      "productName": "Femfresh Intimate Hygiene Feminine Deodorant 75g",
      "category": "Health & Beauty",
      "imageURL": "https://cdn0.woolworths.media/content/wowproductimages/medium/038194.jpg",
      "discountedPrice": 7.76,
      "originalPrice": 9.7,
      "percent": 20,
      "savings": 1.94,
      "unitPrice": " $10.35 / 100G ",
      "onlineOnly": false
    },
    {
      "brand": "Woolworths",
      "productName": "Schick Womens Xtreme 3 Hawaiian Tropic 8 pack",
      "category": "Health & Beauty",
      "imageURL": "https://cdn0.woolworths.media/content/wowproductimages/medium/039428.jpg",
      "discountedPrice": 4.5,
      "originalPrice": 9,
      "percent": 50,
      "savings": 4.5,
      "unitPrice": " $0.56 / 1EA ",
      "onlineOnly": false
    },
    {
      "brand": "Woolworths",
      "productName": "Dettol Parents Approved Rose Shower Gel 950ml",
      "category": "Health & Beauty",
      "imageURL": "https://cdn0.woolworths.media/content/wowproductimages/medium/039918.jpg",
      "discountedPrice": 5.7,
      "originalPrice": 9.5,
      "percent": 40,
      "savings": 3.8,
      "unitPrice": " $0.60 / 100ML ",
      "onlineOnly": false
    },
    {
      "brand": "Woolworths",
      "productName": "Dettol Parents Approved Citrus Shower Gel 950ml",
      "category": "Health & Beauty",
      "imageURL": "https://cdn0.woolworths.media/content/wowproductimages/medium/039919.jpg",
      "discountedPrice": 5.7,
      "originalPrice": 9.5,
      "percent": 40,
      "savings": 3.8,
      "unitPrice": " $0.60 / 100ML ",
      "onlineOnly": false
    },
    {
      "brand": "Woolworths",
      "productName": "Priya Soap Body Balance Oat Milk 100g",
      "category": "Health & Beauty",
      "imageURL": "https://cdn0.woolworths.media/content/wowproductimages/medium/040746.jpg",
      "discountedPrice": 1.2,
      "originalPrice": 2,
      "percent": 40,
      "savings": 0.8,
      "unitPrice": " $1.20 / 100G ",
      "onlineOnly": false
    },
    {
      "brand": "Woolworths",
      "productName": "Nivea Cellular Anti-wrinkle Night Cream Face Moisturiser 50ml",
      "category": "Health & Beauty",
      "imageURL": "https://cdn0.woolworths.media/content/wowproductimages/medium/042459.jpg",
      "discountedPrice": 19.6,
      "originalPrice": 28,
      "percent": 30,
      "savings": 8.4,
      "unitPrice": " $39.20 / 100ML ",
      "onlineOnly": false
    },
    {
      "brand": "Woolworths",
      "productName": "Nivea Cellular Anti-age Day Cream Face Moisturiser Spf15 50ml",
      "category": "Health & Beauty",
      "imageURL": "https://cdn0.woolworths.media/content/wowproductimages/medium/042534.jpg",
      "discountedPrice": 19.6,
      "originalPrice": 28,
      "percent": 30,
      "savings": 8.4,
      "unitPrice": " $39.20 / 100ML ",
      "onlineOnly": false
    },
    {
      "brand": "Woolworths",
      "productName": "Palmolive Men Body Wash Natural Charcoal Shower Gel 450ml",
      "category": "Health & Beauty",
      "imageURL": "https://cdn0.woolworths.media/content/wowproductimages/medium/043731.jpg",
      "discountedPrice": 4.5,
      "originalPrice": 7.5,
      "percent": 40,
      "savings": 3,
      "unitPrice": " $1.00 / 100ML ",
      "onlineOnly": false
    },
    {
      "brand": "Woolworths",
      "productName": "Nad's Natural Sugar Wax Kit 370g",
      "category": "Health & Beauty",
      "imageURL": "https://cdn0.woolworths.media/content/wowproductimages/medium/043759.jpg",
      "discountedPrice": 7.5,
      "originalPrice": 15,
      "percent": 50,
      "savings": 7.5,
      "unitPrice": " $2.03 / 100G ",
      "onlineOnly": false
    },
    {
      "brand": "Woolworths",
      "productName": "Deep Heat Original Heat Rub 100g",
      "category": "Health & Beauty",
      "imageURL": "https://cdn0.woolworths.media/content/wowproductimages/medium/043854.jpg",
      "discountedPrice": 4.9,
      "originalPrice": 7,
      "percent": 30,
      "savings": 2.1,
      "unitPrice": " $4.90 / 100G ",
      "onlineOnly": false
    },
    {
      "brand": "Woolworths",
      "productName": "Glow Lab Citrus & Bergamot Body Wash 400ml",
      "category": "Health & Beauty",
      "imageURL": "https://cdn0.woolworths.media/content/wowproductimages/medium/043945.jpg",
      "discountedPrice": 5.4,
      "originalPrice": 9,
      "percent": 40,
      "savings": 3.6,
      "unitPrice": " $1.35 / 100ML ",
      "onlineOnly": false
    },
    {
      "brand": "Woolworths",
      "productName": "Stayfree Ultra Thin All Nights With Wings 10 pack",
      "category": "Health & Beauty",
      "imageURL": "https://cdn0.woolworths.media/content/wowproductimages/medium/044861.jpg",
      "discountedPrice": 3.15,
      "originalPrice": 4.5,
      "percent": 30,
      "savings": 1.35,
      "unitPrice": " $0.32 / 1EA ",
      "onlineOnly": false
    },
    {
      "brand": "Woolworths",
      "productName": "Palmolive Foaming Liquid Hand Wash Soap Pump Vanilla & Berry 250ml",
      "category": "Health & Beauty",
      "imageURL": "https://cdn0.woolworths.media/content/wowproductimages/medium/046169.jpg",
      "discountedPrice": 3,
      "originalPrice": 3.5,
      "percent": 14,
      "savings": 0.5,
      "unitPrice": " $1.20 / 100ML ",
      "onlineOnly": false
    },
    {
      "brand": "Woolworths",
      "productName": "Gillette Venus Smooth Sensitive Women's Razor + 2 Blade Refills each",
      "category": "Health & Beauty",
      "imageURL": "https://cdn0.woolworths.media/content/wowproductimages/medium/046555.jpg",
      "discountedPrice": 7,
      "originalPrice": 14,
      "percent": 50,
      "savings": 7,
      "unitPrice": " $7.00 / 1EA ",
      "onlineOnly": false
    },
    {
      "brand": "Woolworths",
      "productName": "Gillette Venus Smooth Sensitive Razor Blades 4 pack",
      "category": "Health & Beauty",
      "imageURL": "https://cdn0.woolworths.media/content/wowproductimages/medium/046565.jpg",
      "discountedPrice": 8,
      "originalPrice": 16,
      "percent": 50,
      "savings": 8,
      "unitPrice": " $2.00 / 1EA ",
      "onlineOnly": false
    },
    {
      "brand": "Woolworths",
      "productName": "L'oreal Paris Excellence Age Perfect 9.13 Light Cream Blonde each",
      "category": "Health & Beauty",
      "imageURL": "https://cdn0.woolworths.media/content/wowproductimages/medium/046588.jpg",
      "discountedPrice": 12,
      "originalPrice": 20,
      "percent": 40,
      "savings": 8,
      "unitPrice": "No unit price available",
      "onlineOnly": true
    },
    {
      "brand": "Woolworths",
      "productName": "Selleys Adhesive Fix & Go Supa Glue 3ml",
      "category": "Household",
      "imageURL": "https://cdn0.woolworths.media/content/wowproductimages/medium/077476.jpg",
      "discountedPrice": 2.56,
      "originalPrice": 2.85,
      "percent": 10,
      "savings": 0.29,
      "unitPrice": " $85.33 / 100ML ",
      "onlineOnly": false
    },
    {
      "brand": "Woolworths",
      "productName": "Bosisto's Bathroom & Shower Cleaner 500ml",
      "category": "Household",
      "imageURL": "https://cdn0.woolworths.media/content/wowproductimages/medium/000951.jpg",
      "discountedPrice": 3,
      "originalPrice": 5,
      "percent": 40,
      "savings": 2,
      "unitPrice": " $0.60 / 100ML ",
      "onlineOnly": false
    },
    {
      "brand": "Woolworths",
      "productName": "Bosisto's Multipurpose Cleaner 500ml",
      "category": "Household",
      "imageURL": "https://cdn0.woolworths.media/content/wowproductimages/medium/001866.jpg",
      "discountedPrice": 3,
      "originalPrice": 5,
      "percent": 40,
      "savings": 2,
      "unitPrice": " $0.60 / 100ML ",
      "onlineOnly": false
    },
    {
      "brand": "Woolworths",
      "productName": "Biozet Attack & Eliminator Laundry Powder 5.4kg",
      "category": "Household",
      "imageURL": "https://cdn0.woolworths.media/content/wowproductimages/medium/007153.jpg",
      "discountedPrice": 28,
      "originalPrice": 35,
      "percent": 20,
      "savings": 7,
      "unitPrice": " $5.19 / 1KG ",
      "onlineOnly": false
    },
    {
      "brand": "Woolworths",
      "productName": "Huggie Wrinkle Release Fabric Softener White Lily 1l",
      "category": "Household",
      "imageURL": "https://cdn0.woolworths.media/content/wowproductimages/medium/007585.jpg",
      "discountedPrice": 5,
      "originalPrice": 8,
      "percent": 38,
      "savings": 3,
      "unitPrice": " $5.00 / 1L ",
      "onlineOnly": false
    },
    {
      "brand": "Woolworths",
      "productName": "Multix Garden Drawtight Garbage Bags 3 pack",
      "category": "Household",
      "imageURL": "https://cdn0.woolworths.media/content/wowproductimages/medium/011703.jpg",
      "discountedPrice": 3.2,
      "originalPrice": 3.5,
      "percent": 9,
      "savings": 0.3,
      "unitPrice": " $1.07 / 1EA ",
      "onlineOnly": false
    },
    {
      "brand": "Woolworths",
      "productName": "Windex Multi-purpose Surface & Glass Cleaner Mountain Fresh 750ml",
      "category": "Household",
      "imageURL": "https://cdn0.woolworths.media/content/wowproductimages/medium/012413.jpg",
      "discountedPrice": 4,
      "originalPrice": 4.8,
      "percent": 17,
      "savings": 0.8,
      "unitPrice": " $0.53 / 100ML ",
      "onlineOnly": false
    },
    {
      "brand": "Woolworths",
      "productName": "Brunnings Bug & Fungus Kill Rtu 1l",
      "category": "Household",
      "imageURL": "https://cdn0.woolworths.media/content/wowproductimages/medium/012416.jpg",
      "discountedPrice": 4.5,
      "originalPrice": 9,
      "percent": 50,
      "savings": 4.5,
      "unitPrice": " $0.45 / 100ML ",
      "onlineOnly": false
    },
    {
      "brand": "Woolworths",
      "productName": "Brunnings Fast Action Path Weeder Rtu 1l",
      "category": "Household",
      "imageURL": "https://cdn0.woolworths.media/content/wowproductimages/medium/012478.jpg",
      "discountedPrice": 6,
      "originalPrice": 12,
      "percent": 50,
      "savings": 6,
      "unitPrice": " $0.60 / 100ML ",
      "onlineOnly": false
    },
    {
      "brand": "Woolworths",
      "productName": "Deeko Entertainer Serving Plastic Steak Plate Oval 8 pack",
      "category": "Household",
      "imageURL": "https://cdn0.woolworths.media/content/wowproductimages/medium/015359.jpg",
      "discountedPrice": 3.2,
      "originalPrice": 4,
      "percent": 20,
      "savings": 0.8,
      "unitPrice": " $0.40 / 1EA ",
      "onlineOnly": false
    },
    {
      "brand": "Woolworths",
      "productName": "Multix Compostable Small 22 pack",
      "category": "Household",
      "imageURL": "https://cdn0.woolworths.media/content/wowproductimages/medium/019035.jpg",
      "discountedPrice": 3.6,
      "originalPrice": 4,
      "percent": 10,
      "savings": 0.4,
      "unitPrice": " $0.16 / 1EA ",
      "onlineOnly": false
    },
    {
      "brand": "Woolworths",
      "productName": "Reflex Photocopy Paper A4 Ream each",
      "category": "Household",
      "imageURL": "https://cdn0.woolworths.media/content/wowproductimages/medium/019100.jpg",
      "discountedPrice": 5.5,
      "originalPrice": 7,
      "percent": 21,
      "savings": 1.5,
      "unitPrice": "No unit price available",
      "onlineOnly": false
    },
    {
      "brand": "Woolworths",
      "productName": "Handee Ultra Paper Towel White 2 pack",
      "category": "Household",
      "imageURL": "https://cdn0.woolworths.media/content/wowproductimages/medium/019787.jpg",
      "discountedPrice": 3,
      "originalPrice": 3.5,
      "percent": 14,
      "savings": 0.5,
      "unitPrice": " $2.50 / 100SS ",
      "onlineOnly": false
    },
    {
      "brand": "Woolworths",
      "productName": "Jiffy Bbq Accessory Fire Lighters Economy 24 pack",
      "category": "Household",
      "imageURL": "https://cdn0.woolworths.media/content/wowproductimages/medium/021968.jpg",
      "discountedPrice": 3.5,
      "originalPrice": 4.7,
      "percent": 26,
      "savings": 1.2,
      "unitPrice": " $0.15 / 1EA ",
      "onlineOnly": false
    },
    {
      "brand": "Woolworths",
      "productName": "Bref Power Active Ocean Breeze 2x50g",
      "category": "Household",
      "imageURL": "https://cdn0.woolworths.media/content/wowproductimages/medium/026919.jpg",
      "discountedPrice": 5,
      "originalPrice": 7,
      "percent": 29,
      "savings": 2,
      "unitPrice": " $5.00 / 100G ",
      "onlineOnly": false
    },
    {
      "brand": "Woolworths",
      "productName": "Deeko Plastic Cups Fluro 20 pack",
      "category": "Household",
      "imageURL": "https://cdn0.woolworths.media/content/wowproductimages/medium/027376.jpg",
      "discountedPrice": 2.8,
      "originalPrice": 3.5,
      "percent": 20,
      "savings": 0.7,
      "unitPrice": " $0.14 / 1EA ",
      "onlineOnly": false
    },
    {
      "brand": "Woolworths",
      "productName": "Brunnings Tough Lawn Seed 1kg",
      "category": "Household",
      "imageURL": "https://cdn0.woolworths.media/content/wowproductimages/medium/029100.jpg",
      "discountedPrice": 9.6,
      "originalPrice": 12,
      "percent": 20,
      "savings": 2.4,
      "unitPrice": " $0.96 / 100G ",
      "onlineOnly": false
    },
    {
      "brand": "Woolworths",
      "productName": "Sorbent Facial Tissues Thick & Large White 95pk",
      "category": "Household",
      "imageURL": "https://cdn0.woolworths.media/content/wowproductimages/medium/029425.jpg",
      "discountedPrice": 1.5,
      "originalPrice": 1.85,
      "percent": 19,
      "savings": 0.35,
      "unitPrice": " $1.58 / 100SS ",
      "onlineOnly": false
    },
    {
      "brand": "Woolworths",
      "productName": "Little Trees Car Air Freshener Assorted each",
      "category": "Household",
      "imageURL": "https://cdn0.woolworths.media/content/wowproductimages/medium/029795.jpg",
      "discountedPrice": 2,
      "originalPrice": 2.5,
      "percent": 20,
      "savings": 0.5,
      "unitPrice": "No unit price available",
      "onlineOnly": false
    },
    {
      "brand": "Woolworths",
      "productName": "Deeko Paper Straws 40 pack",
      "category": "Household",
      "imageURL": "https://cdn0.woolworths.media/content/wowproductimages/medium/031387.jpg",
      "discountedPrice": 3.2,
      "originalPrice": 4,
      "percent": 20,
      "savings": 0.8,
      "unitPrice": " $0.08 / 1EA ",
      "onlineOnly": false
    },
    {
      "brand": "Woolworths",
      "productName": "Deeko Serviettes Lunch 2ply 50 pack",
      "category": "Household",
      "imageURL": "https://cdn0.woolworths.media/content/wowproductimages/medium/031417.jpg",
      "discountedPrice": 3.8,
      "originalPrice": 4.8,
      "percent": 21,
      "savings": 1,
      "unitPrice": " $0.08 / 1EA ",
      "onlineOnly": false
    },
    {
      "brand": "Woolworths",
      "productName": "Sistema Storage With Lid 27l each",
      "category": "Household",
      "imageURL": "https://cdn0.woolworths.media/content/wowproductimages/medium/032944.jpg",
      "discountedPrice": 15,
      "originalPrice": 19,
      "percent": 21,
      "savings": 4,
      "unitPrice": "No unit price available",
      "onlineOnly": false
    },
    {
      "brand": "Woolworths",
      "productName": "Sistema Storage With Lid 40l each",
      "category": "Household",
      "imageURL": "https://cdn0.woolworths.media/content/wowproductimages/medium/032950.jpg",
      "discountedPrice": 15.4,
      "originalPrice": 22,
      "percent": 30,
      "savings": 6.6,
      "unitPrice": "No unit price available",
      "onlineOnly": false
    },
    {
      "brand": "Woolworths",
      "productName": "Finish 0% Dishwasher Tablets 42 pack",
      "category": "Household",
      "imageURL": "https://cdn0.woolworths.media/content/wowproductimages/medium/032979.jpg",
      "discountedPrice": 16,
      "originalPrice": 32,
      "percent": 50,
      "savings": 16,
      "unitPrice": " $0.38 / 1EA ",
      "onlineOnly": false
    },
    {
      "brand": "Woolworths",
      "productName": "Bic Mega Lighters 2 pack",
      "category": "Household",
      "imageURL": "https://cdn0.woolworths.media/content/wowproductimages/medium/033547.jpg",
      "discountedPrice": 6,
      "originalPrice": 12,
      "percent": 50,
      "savings": 6,
      "unitPrice": " $3.00 / 1EA ",
      "onlineOnly": false
    },
    {
      "brand": "Woolworths",
      "productName": "Bic Multi Purpose Pocket & Flex Wand Lighter 3 pack",
      "category": "Household",
      "imageURL": "https://cdn0.woolworths.media/content/wowproductimages/medium/033583.jpg",
      "discountedPrice": 10,
      "originalPrice": 13.5,
      "percent": 26,
      "savings": 3.5,
      "unitPrice": " $3.33 / 1EA ",
      "onlineOnly": false
    },
    {
      "brand": "Woolworths",
      "productName": "Finish Dishwasher Rinse Aid 0% 400ml",
      "category": "Household",
      "imageURL": "https://cdn0.woolworths.media/content/wowproductimages/medium/037174.jpg",
      "discountedPrice": 4,
      "originalPrice": 8,
      "percent": 50,
      "savings": 4,
      "unitPrice": " $1.00 / 100ML ",
      "onlineOnly": false
    },
    {
      "brand": "Woolworths",
      "productName": "Finish Dishwasher Cleaner Tabs 3 pack",
      "category": "Household",
      "imageURL": "https://cdn0.woolworths.media/content/wowproductimages/medium/037181.jpg",
      "discountedPrice": 7,
      "originalPrice": 10,
      "percent": 30,
      "savings": 3,
      "unitPrice": " $2.33 / 1EA ",
      "onlineOnly": false
    },
    {
      "brand": "Woolworths",
      "productName": "White King Premium Bleach Lemon 2.5l",
      "category": "Household",
      "imageURL": "https://cdn0.woolworths.media/content/wowproductimages/medium/037801.jpg",
      "discountedPrice": 3,
      "originalPrice": 4.25,
      "percent": 29,
      "savings": 1.25,
      "unitPrice": " $1.20 / 1L ",
      "onlineOnly": false
    },
    {
      "brand": "Woolworths",
      "productName": "Seasol Powerfeed Pots & Plants Ready To Use Plant Fertiliser 750ml",
      "category": "Household",
      "imageURL": "https://cdn0.woolworths.media/content/wowproductimages/medium/039381.jpg",
      "discountedPrice": 4.1,
      "originalPrice": 8.2,
      "percent": 50,
      "savings": 4.1,
      "unitPrice": " $0.55 / 100ML ",
      "onlineOnly": false
    },
    {
      "brand": "Woolworths",
      "productName": "Waxworks Vintage Citronella Jam Jar 2 pack",
      "category": "Household",
      "imageURL": "https://cdn0.woolworths.media/content/wowproductimages/medium/040253.jpg",
      "discountedPrice": 8,
      "originalPrice": 10,
      "percent": 20,
      "savings": 2,
      "unitPrice": " $4.00 / 1EA ",
      "onlineOnly": false
    },
    {
      "brand": "Woolworths",
      "productName": "Sistema Storage With Tray 1.7l each",
      "category": "Household",
      "imageURL": "https://cdn0.woolworths.media/content/wowproductimages/medium/043495.jpg",
      "discountedPrice": 3.5,
      "originalPrice": 5,
      "percent": 30,
      "savings": 1.5,
      "unitPrice": "No unit price available",
      "onlineOnly": false
    },
    {
      "brand": "Woolworths",
      "productName": "Sistema Storage With Tray 3.58l each",
      "category": "Household",
      "imageURL": "https://cdn0.woolworths.media/content/wowproductimages/medium/043497.jpg",
      "discountedPrice": 4.9,
      "originalPrice": 7,
      "percent": 30,
      "savings": 2.1,
      "unitPrice": "No unit price available",
      "onlineOnly": false
    },
    {
      "brand": "Woolworths",
      "productName": "White King Bleach Standard 2.5l",
      "category": "Household",
      "imageURL": "https://cdn0.woolworths.media/content/wowproductimages/medium/044100.jpg",
      "discountedPrice": 3,
      "originalPrice": 4.25,
      "percent": 29,
      "savings": 1.25,
      "unitPrice": " $1.20 / 1L ",
      "onlineOnly": false
    },
    {
      "brand": "Woolworths",
      "productName": "Actizyme Drain Cleaner Safe Pellet Natural 450g",
      "category": "Household",
      "imageURL": "https://cdn0.woolworths.media/content/wowproductimages/medium/048130.jpg",
      "discountedPrice": 17,
      "originalPrice": 21,
      "percent": 19,
      "savings": 4,
      "unitPrice": " $3.78 / 100G ",
      "onlineOnly": false
    },
    {
      "brand": "Woolworths",
      "productName": "Lexar Usb 2.0 S50 64gb each",
      "category": "Household",
      "imageURL": "https://cdn0.woolworths.media/content/wowproductimages/medium/054312.jpg",
      "discountedPrice": 12.5,
      "originalPrice": 25,
      "percent": 50,
      "savings": 12.5,
      "unitPrice": "No unit price available",
      "onlineOnly": false
    },
    {
      "brand": "Woolworths",
      "productName": "Culinare Magican Can Opener each",
      "category": "Household",
      "imageURL": "https://cdn0.woolworths.media/content/wowproductimages/medium/054712.jpg",
      "discountedPrice": 12.8,
      "originalPrice": 16,
      "percent": 20,
      "savings": 3.2,
      "unitPrice": "No unit price available",
      "onlineOnly": false
    },
    {
      "brand": "Woolworths",
      "productName": "Elmer's Glow In The Dark Glue Pink 147ml",
      "category": "Household",
      "imageURL": "https://cdn0.woolworths.media/content/wowproductimages/medium/054849.jpg",
      "discountedPrice": 6,
      "originalPrice": 10,
      "percent": 40,
      "savings": 4,
      "unitPrice": "No unit price available",
      "onlineOnly": false
    },
    {
      "brand": "Woolworths",
      "productName": "Elmer's Glow In The Dark Glue Blue 147ml",
      "category": "Household",
      "imageURL": "https://cdn0.woolworths.media/content/wowproductimages/medium/054850.jpg",
      "discountedPrice": 6,
      "originalPrice": 10,
      "percent": 40,
      "savings": 4,
      "unitPrice": "No unit price available",
      "onlineOnly": false
    },
    {
      "brand": "Woolworths",
      "productName": "Maseur Footcare Heel & Arch Insole Mens each",
      "category": "Household",
      "imageURL": "https://cdn0.woolworths.media/content/wowproductimages/medium/055893.jpg",
      "discountedPrice": 14.8,
      "originalPrice": 18.5,
      "percent": 20,
      "savings": 3.7,
      "unitPrice": "No unit price available",
      "onlineOnly": false
    },
    {
      "brand": "Woolworths",
      "productName": "Telstra Essential Smart 2 4gx Black each",
      "category": "Household",
      "imageURL": "https://cdn0.woolworths.media/content/wowproductimages/medium/056795.jpg",
      "discountedPrice": 49,
      "originalPrice": 69,
      "percent": 29,
      "savings": 20,
      "unitPrice": "No unit price available",
      "onlineOnly": false
    },
    {
      "brand": "Woolworths",
      "productName": "Play-doh Toys Classic Colours each",
      "category": "Household",
      "imageURL": "https://cdn0.woolworths.media/content/wowproductimages/medium/057209.jpg",
      "discountedPrice": 6,
      "originalPrice": 7,
      "percent": 14,
      "savings": 1,
      "unitPrice": "No unit price available",
      "onlineOnly": false
    },
    {
      "brand": "Woolworths",
      "productName": "Mortein Powergard Crawling Insect Killer 350g",
      "category": "Household",
      "imageURL": "https://cdn0.woolworths.media/content/wowproductimages/medium/059124.jpg",
      "discountedPrice": 12,
      "originalPrice": 15,
      "percent": 20,
      "savings": 3,
      "unitPrice": " $3.43 / 100G ",
      "onlineOnly": false
    },
    {
      "brand": "Woolworths",
      "productName": "Parker Jotter Ball Point Pen Black each",
      "category": "Household",
      "imageURL": "https://cdn0.woolworths.media/content/wowproductimages/medium/063978.jpg",
      "discountedPrice": 14.4,
      "originalPrice": 18,
      "percent": 20,
      "savings": 3.6,
      "unitPrice": "No unit price available",
      "onlineOnly": false
    },
    {
      "brand": "Woolworths",
      "productName": "Parker Quink Flow Ballpoint Refill Black Noir each",
      "category": "Household",
      "imageURL": "https://cdn0.woolworths.media/content/wowproductimages/medium/063979.jpg",
      "discountedPrice": 7,
      "originalPrice": 10,
      "percent": 30,
      "savings": 3,
      "unitPrice": "No unit price available",
      "onlineOnly": false
    },
    {
      "brand": "Woolworths",
      "productName": "Parker Jotter Ball Point Pen White each",
      "category": "Household",
      "imageURL": "https://cdn0.woolworths.media/content/wowproductimages/medium/063987.jpg",
      "discountedPrice": 14.4,
      "originalPrice": 18,
      "percent": 20,
      "savings": 3.6,
      "unitPrice": "No unit price available",
      "onlineOnly": false
    },
    {
      "brand": "Woolworths",
      "productName": "Expo Bullet Dry Erase Markers 4 Colours 4 pack",
      "category": "Household",
      "imageURL": "https://cdn0.woolworths.media/content/wowproductimages/medium/064003.jpg",
      "discountedPrice": 8,
      "originalPrice": 11.5,
      "percent": 30,
      "savings": 3.5,
      "unitPrice": "No unit price available",
      "onlineOnly": false
    },
    {
      "brand": "Woolworths",
      "productName": "Sharpie Fine Permanent Marker 12 pack",
      "category": "Household",
      "imageURL": "https://cdn0.woolworths.media/content/wowproductimages/medium/064033.jpg",
      "discountedPrice": 10,
      "originalPrice": 15,
      "percent": 33,
      "savings": 5,
      "unitPrice": "No unit price available",
      "onlineOnly": false
    },
    {
      "brand": "Woolworths",
      "productName": "Sharpie Ultra Fine Permanent Marker 12 pack",
      "category": "Household",
      "imageURL": "https://cdn0.woolworths.media/content/wowproductimages/medium/064034.jpg",
      "discountedPrice": 10,
      "originalPrice": 15,
      "percent": 33,
      "savings": 5,
      "unitPrice": "No unit price available",
      "onlineOnly": false
    },
    {
      "brand": "Woolworths",
      "productName": "Post-it Super Sticky Notes Cube each",
      "category": "Household",
      "imageURL": "https://cdn0.woolworths.media/content/wowproductimages/medium/066119.jpg",
      "discountedPrice": 8,
      "originalPrice": 10,
      "percent": 20,
      "savings": 2,
      "unitPrice": "No unit price available",
      "onlineOnly": false
    },
    {
      "brand": "Woolworths",
      "productName": "Breville 2 Slice Sandwich Maker each",
      "category": "Household",
      "imageURL": "https://cdn0.woolworths.media/content/wowproductimages/medium/072459.jpg",
      "discountedPrice": 39.2,
      "originalPrice": 49,
      "percent": 20,
      "savings": 9.8,
      "unitPrice": "No unit price available",
      "onlineOnly": false
    },
    {
      "brand": "Woolworths",
      "productName": "Beyblade Hypersphere Starter Pack Assorted each",
      "category": "Household",
      "imageURL": "https://cdn0.woolworths.media/content/wowproductimages/medium/075756.jpg",
      "discountedPrice": 16.5,
      "originalPrice": 19,
      "percent": 13,
      "savings": 2.5,
      "unitPrice": "No unit price available",
      "onlineOnly": false
    },
    {
      "brand": "Woolworths",
      "productName": "Beyblade Hypersphere each",
      "category": "Household",
      "imageURL": "https://cdn0.woolworths.media/content/wowproductimages/medium/075757.jpg",
      "discountedPrice": 12,
      "originalPrice": 14,
      "percent": 14,
      "savings": 2,
      "unitPrice": "No unit price available",
      "onlineOnly": false
    },
    {
      "brand": "Woolworths",
      "productName": "Woolworths Bbq Foil Tray Medium 3 pack",
      "category": "Household",
      "imageURL": "https://cdn0.woolworths.media/content/wowproductimages/medium/075770.jpg",
      "discountedPrice": 2,
      "originalPrice": 4,
      "percent": 50,
      "savings": 2,
      "unitPrice": " $0.67 / 1EA ",
      "onlineOnly": false
    },
    {
      "brand": "Woolworths",
      "productName": "Finish Quantum Ultimate Pro Dishwasher Tablets Lemon 32 pack",
      "category": "Household",
      "imageURL": "https://cdn0.woolworths.media/content/wowproductimages/medium/078638.jpg",
      "discountedPrice": 16,
      "originalPrice": 32,
      "percent": 50,
      "savings": 16,
      "unitPrice": " $0.50 / 1EA ",
      "onlineOnly": false
    },
    {
      "brand": "Woolworths",
      "productName": "Finish Quantum Ultimate Pro Dishwasher Tablets Regular 32 pack",
      "category": "Household",
      "imageURL": "https://cdn0.woolworths.media/content/wowproductimages/medium/078641.jpg",
      "discountedPrice": 16,
      "originalPrice": 32,
      "percent": 50,
      "savings": 16,
      "unitPrice": " $0.50 / 1EA ",
      "onlineOnly": false
    },
    {
      "brand": "Woolworths",
      "productName": "Finish Quantum Ultimate Pro Dishwasher Tablets Lemon 48 pack",
      "category": "Household",
      "imageURL": "https://cdn0.woolworths.media/content/wowproductimages/medium/078644.jpg",
      "discountedPrice": 19,
      "originalPrice": 38,
      "percent": 50,
      "savings": 19,
      "unitPrice": " $0.40 / 1EA ",
      "onlineOnly": true
    },
    {
      "brand": "Woolworths",
      "productName": "Air Wick Botanica Carribean Vetiver & Sandalwood Scented Candle each",
      "category": "Household",
      "imageURL": "https://cdn0.woolworths.media/content/wowproductimages/medium/078648.jpg",
      "discountedPrice": 12.5,
      "originalPrice": 16.5,
      "percent": 24,
      "savings": 4,
      "unitPrice": " $12.50 / 1EA ",
      "onlineOnly": false
    },
    {
      "brand": "Woolworths",
      "productName": "Air Wick Botanica Vanilla & Himalayan Magnolia Refills 19ml x2 pack",
      "category": "Household",
      "imageURL": "https://cdn0.woolworths.media/content/wowproductimages/medium/078649.jpg",
      "discountedPrice": 10.5,
      "originalPrice": 12.5,
      "percent": 16,
      "savings": 2,
      "unitPrice": " $2.76 / 10ML ",
      "onlineOnly": false
    },
    {
      "brand": "Woolworths",
      "productName": "Air Wick Botanica Fresh Pineapple & Tunisian Rosemary Room Spray 236ml",
      "category": "Household",
      "imageURL": "https://cdn0.woolworths.media/content/wowproductimages/medium/078655.jpg",
      "discountedPrice": 5,
      "originalPrice": 7.5,
      "percent": 33,
      "savings": 2.5,
      "unitPrice": " $2.12 / 100ML ",
      "onlineOnly": false
    },
    {
      "brand": "Woolworths",
      "productName": "Air Wick Botanica Island Rose & African Geranium Room Spray 236ml",
      "category": "Household",
      "imageURL": "https://cdn0.woolworths.media/content/wowproductimages/medium/078656.jpg",
      "discountedPrice": 5,
      "originalPrice": 7.5,
      "percent": 33,
      "savings": 2.5,
      "unitPrice": " $2.12 / 100ML ",
      "onlineOnly": false
    },
    {
      "brand": "Woolworths",
      "productName": "Air Wick Botanica Reed Diffuser Vanilla & Himalayan Magnolia 80ml",
      "category": "Household",
      "imageURL": "https://cdn0.woolworths.media/content/wowproductimages/medium/078659.jpg",
      "discountedPrice": 12.5,
      "originalPrice": 16.5,
      "percent": 24,
      "savings": 4,
      "unitPrice": " $1.56 / 10ML ",
      "onlineOnly": false
    },
    {
      "brand": "Woolworths",
      "productName": "Air Wick Botanica Reed Diffuser Fresh Pineapple & Tunisian Rosemary 80ml",
      "category": "Household",
      "imageURL": "https://cdn0.woolworths.media/content/wowproductimages/medium/078660.jpg",
      "discountedPrice": 12.5,
      "originalPrice": 16.5,
      "percent": 24,
      "savings": 4,
      "unitPrice": " $1.56 / 10ML ",
      "onlineOnly": false
    },
    {
      "brand": "Woolworths",
      "productName": "Air Wick Botanica Island Rose & African Geranium Scented Candle each",
      "category": "Household",
      "imageURL": "https://cdn0.woolworths.media/content/wowproductimages/medium/078661.jpg",
      "discountedPrice": 12.5,
      "originalPrice": 16.5,
      "percent": 24,
      "savings": 4,
      "unitPrice": " $12.50 / 1EA ",
      "onlineOnly": false
    },
    {
      "brand": "Woolworths",
      "productName": "Air Wick Botanica Vanilla & Himalayan Magnolia Scented Candle each",
      "category": "Household",
      "imageURL": "https://cdn0.woolworths.media/content/wowproductimages/medium/078662.jpg",
      "discountedPrice": 12.5,
      "originalPrice": 16.5,
      "percent": 24,
      "savings": 4,
      "unitPrice": " $12.50 / 1EA ",
      "onlineOnly": false
    },
    {
      "brand": "Woolworths",
      "productName": "Air Wick Botanica Fresh Pineapple & Tunisian Rosemary Refills 19ml x2 pack",
      "category": "Household",
      "imageURL": "https://cdn0.woolworths.media/content/wowproductimages/medium/078764.jpg",
      "discountedPrice": 10.5,
      "originalPrice": 12.5,
      "percent": 16,
      "savings": 2,
      "unitPrice": " $2.76 / 10ML ",
      "onlineOnly": false
    },
    {
      "brand": "Woolworths",
      "productName": "Air Wick Botanica Island Rose & African Geranium Reed Diffuser 80ml",
      "category": "Household",
      "imageURL": "https://cdn0.woolworths.media/content/wowproductimages/medium/079095.jpg",
      "discountedPrice": 12.5,
      "originalPrice": 16.5,
      "percent": 24,
      "savings": 4,
      "unitPrice": " $1.56 / 10ML ",
      "onlineOnly": false
    },
    {
      "brand": "Woolworths",
      "productName": "Fairy Dishwashing Liquid Original 495ml",
      "category": "Household",
      "imageURL": "https://cdn0.woolworths.media/content/wowproductimages/medium/080491.jpg",
      "discountedPrice": 3.75,
      "originalPrice": 5,
      "percent": 25,
      "savings": 1.25,
      "unitPrice": " $0.76 / 100ML ",
      "onlineOnly": false
    },
    {
      "brand": "Woolworths",
      "productName": "Fairy Dishwashing Liquid Lemon 495ml",
      "category": "Household",
      "imageURL": "https://cdn0.woolworths.media/content/wowproductimages/medium/080512.jpg",
      "discountedPrice": 3.75,
      "originalPrice": 5,
      "percent": 25,
      "savings": 1.25,
      "unitPrice": " $0.76 / 100ML ",
      "onlineOnly": false
    },
    {
      "brand": "Woolworths",
      "productName": "Scholl Shock Reducer Shoe Base Insoles each",
      "category": "Household",
      "imageURL": "https://cdn0.woolworths.media/content/wowproductimages/medium/080858.jpg",
      "discountedPrice": 8,
      "originalPrice": 10,
      "percent": 20,
      "savings": 2,
      "unitPrice": " $8.00 / 1EA ",
      "onlineOnly": false
    },
    {
      "brand": "Woolworths",
      "productName": "Hasbro Boggle Classic each",
      "category": "Household",
      "imageURL": "https://cdn0.woolworths.media/content/wowproductimages/medium/081182.jpg",
      "discountedPrice": 14,
      "originalPrice": 16,
      "percent": 13,
      "savings": 2,
      "unitPrice": "No unit price available",
      "onlineOnly": false
    },
    {
      "brand": "Woolworths",
      "productName": "Scholl Air Cushion Shoe Insoles each",
      "category": "Household",
      "imageURL": "https://cdn0.woolworths.media/content/wowproductimages/medium/081222.jpg",
      "discountedPrice": 8,
      "originalPrice": 10,
      "percent": 20,
      "savings": 2,
      "unitPrice": " $8.00 / 1EA ",
      "onlineOnly": false
    },
    {
      "brand": "Woolworths",
      "productName": "Uncle Tobys Le Snak Tasty Cheese Dip & Crackers 12 pack",
      "category": "Lunch Box",
      "imageURL": "https://cdn0.woolworths.media/content/wowproductimages/medium/248197.jpg",
      "discountedPrice": 5,
      "originalPrice": 7.6,
      "percent": 34,
      "savings": 2.6,
      "unitPrice": " $1.89 / 100G ",
      "onlineOnly": false
    },
    {
      "brand": "Woolworths",
      "productName": "Decor Lunch Box Ice Pack Small Assorted 2pk",
      "category": "Lunch Box",
      "imageURL": "https://cdn0.woolworths.media/content/wowproductimages/medium/495443.jpg",
      "discountedPrice": 3.5,
      "originalPrice": 7,
      "percent": 50,
      "savings": 3.5,
      "unitPrice": "No unit price available",
      "onlineOnly": false
    },
    {
      "brand": "Woolworths",
      "productName": "Pop Tops Apple Drink 250ml x6 pack",
      "category": "Lunch Box",
      "imageURL": "https://cdn0.woolworths.media/content/wowproductimages/medium/035849.jpg",
      "discountedPrice": 3.45,
      "originalPrice": 4.9,
      "percent": 30,
      "savings": 1.45,
      "unitPrice": " $2.30 / 1L ",
      "onlineOnly": false
    },
    {
      "brand": "Woolworths",
      "productName": "Decor Pumped Tritan Bottle 750ml Assorted each",
      "category": "Lunch Box",
      "imageURL": "https://cdn0.woolworths.media/content/wowproductimages/medium/495523.jpg",
      "discountedPrice": 5,
      "originalPrice": 10,
      "percent": 50,
      "savings": 5,
      "unitPrice": "No unit price available",
      "onlineOnly": false
    },
    {
      "brand": "Woolworths",
      "productName": "Kellogg's Lcms Kaleidos Snack Bars 6 pack",
      "category": "Lunch Box",
      "imageURL": "https://cdn0.woolworths.media/content/wowproductimages/medium/324208.jpg",
      "discountedPrice": 3,
      "originalPrice": 4,
      "percent": 25,
      "savings": 1,
      "unitPrice": " $2.27 / 100G ",
      "onlineOnly": false
    },
    {
      "brand": "Woolworths",
      "productName": "Kellogg's K-time Baked Twists Strawberry & Yoghurt Flavour Snack Bars 185g",
      "category": "Lunch Box",
      "imageURL": "https://cdn0.woolworths.media/content/wowproductimages/medium/722766.jpg",
      "discountedPrice": 3,
      "originalPrice": 4,
      "percent": 25,
      "savings": 1,
      "unitPrice": " $1.62 / 100G ",
      "onlineOnly": false
    },
    {
      "brand": "Woolworths",
      "productName": "Pop Tops Orange Drink 250ml x6 pack",
      "category": "Lunch Box",
      "imageURL": "https://cdn0.woolworths.media/content/wowproductimages/medium/036626.jpg",
      "discountedPrice": 3.45,
      "originalPrice": 4.9,
      "percent": 30,
      "savings": 1.45,
      "unitPrice": " $2.30 / 1L ",
      "onlineOnly": false
    },
    {
      "brand": "Woolworths",
      "productName": "Oreo Wafers Biscuit 10 pack",
      "category": "Lunch Box",
      "imageURL": "https://cdn0.woolworths.media/content/wowproductimages/medium/729836.jpg",
      "discountedPrice": 1.8,
      "originalPrice": 2.4,
      "percent": 25,
      "savings": 0.6,
      "unitPrice": " $1.41 / 100G ",
      "onlineOnly": false
    },
    {
      "brand": "Woolworths",
      "productName": "Kellogg's Lcms Yoghurty Split Stix Snack Bars 138g",
      "category": "Lunch Box",
      "imageURL": "https://cdn0.woolworths.media/content/wowproductimages/medium/312255.jpg",
      "discountedPrice": 3,
      "originalPrice": 4,
      "percent": 25,
      "savings": 1,
      "unitPrice": " $2.17 / 100G ",
      "onlineOnly": false
    },
    {
      "brand": "Woolworths",
      "productName": "Bega Peanut Butter Crunchy 375g",
      "category": "Lunch Box",
      "imageURL": "https://cdn0.woolworths.media/content/wowproductimages/medium/033604.jpg",
      "discountedPrice": 4,
      "originalPrice": 4.9,
      "percent": 18,
      "savings": 0.9,
      "unitPrice": " $1.07 / 100G ",
      "onlineOnly": false
    },
    {
      "brand": "Woolworths",
      "productName": "Bega Peanut Butter Smooth 375g",
      "category": "Lunch Box",
      "imageURL": "https://cdn0.woolworths.media/content/wowproductimages/medium/033605.jpg",
      "discountedPrice": 4,
      "originalPrice": 4.9,
      "percent": 18,
      "savings": 0.9,
      "unitPrice": " $1.07 / 100G ",
      "onlineOnly": false
    },
    {
      "brand": "Woolworths",
      "productName": "Flora Margarine Spread Original 1kg",
      "category": "Lunch Box",
      "imageURL": "https://cdn0.woolworths.media/content/wowproductimages/medium/048293.jpg",
      "discountedPrice": 3.5,
      "originalPrice": 4.5,
      "percent": 22,
      "savings": 1,
      "unitPrice": " $0.35 / 100G ",
      "onlineOnly": false
    },
    {
      "brand": "Woolworths",
      "productName": "Western Star Original Spreadable 500g",
      "category": "Lunch Box",
      "imageURL": "https://cdn0.woolworths.media/content/wowproductimages/medium/069756.jpg",
      "discountedPrice": 4.8,
      "originalPrice": 6,
      "percent": 20,
      "savings": 1.2,
      "unitPrice": " $0.96 / 100G ",
      "onlineOnly": false
    },
    {
      "brand": "Woolworths",
      "productName": "Balconi Mix Max Spgnckes Cocoa 10 pack",
      "category": "Lunch Box",
      "imageURL": "https://cdn0.woolworths.media/content/wowproductimages/medium/088602.jpg",
      "discountedPrice": 4,
      "originalPrice": 5.5,
      "percent": 27,
      "savings": 1.5,
      "unitPrice": " $1.14 / 100G ",
      "onlineOnly": false
    },
    {
      "brand": "Woolworths",
      "productName": "Nestle Milo Plant Based 395g",
      "category": "Lunch Box",
      "imageURL": "https://cdn0.woolworths.media/content/wowproductimages/medium/094324.jpg",
      "discountedPrice": 5,
      "originalPrice": 7,
      "percent": 29,
      "savings": 2,
      "unitPrice": " $1.27 / 100G ",
      "onlineOnly": false
    },
    {
      "brand": "Woolworths",
      "productName": "Pop Tops Apple Blackcurrant Drink 250ml x6 pack",
      "category": "Lunch Box",
      "imageURL": "https://cdn0.woolworths.media/content/wowproductimages/medium/103984.jpg",
      "discountedPrice": 3.45,
      "originalPrice": 4.9,
      "percent": 30,
      "savings": 1.45,
      "unitPrice": " $2.30 / 1L ",
      "onlineOnly": false
    },
    {
      "brand": "Woolworths",
      "productName": "Uncle Tobys Oat Slice Choc Chip 4 pack",
      "category": "Lunch Box",
      "imageURL": "https://cdn0.woolworths.media/content/wowproductimages/medium/108401.jpg",
      "discountedPrice": 3.5,
      "originalPrice": 5.5,
      "percent": 36,
      "savings": 2,
      "unitPrice": " $2.50 / 100G ",
      "onlineOnly": false
    },
    {
      "brand": "Woolworths",
      "productName": "Uncle Tobys Oat Slice Peanut Butter 4 pack",
      "category": "Lunch Box",
      "imageURL": "https://cdn0.woolworths.media/content/wowproductimages/medium/110311.jpg",
      "discountedPrice": 3.5,
      "originalPrice": 5.5,
      "percent": 36,
      "savings": 2,
      "unitPrice": " $2.50 / 100G ",
      "onlineOnly": false
    },
    {
      "brand": "Woolworths",
      "productName": "Noshu Sugar Free Unicorn Snackles 5 pack",
      "category": "Lunch Box",
      "imageURL": "https://cdn0.woolworths.media/content/wowproductimages/medium/111371.jpg",
      "discountedPrice": 5,
      "originalPrice": 6,
      "percent": 17,
      "savings": 1,
      "unitPrice": " $4.55 / 100G ",
      "onlineOnly": false
    },
    {
      "brand": "Woolworths",
      "productName": "Noshu Sugar Free Marshy Mellow Snackles 5 pack",
      "category": "Lunch Box",
      "imageURL": "https://cdn0.woolworths.media/content/wowproductimages/medium/111446.jpg",
      "discountedPrice": 5,
      "originalPrice": 6,
      "percent": 17,
      "savings": 1,
      "unitPrice": " $4.55 / 100G ",
      "onlineOnly": false
    },
    {
      "brand": "Woolworths",
      "productName": "Noshu Sugar Free Double Choc Snackles 5 pack",
      "category": "Lunch Box",
      "imageURL": "https://cdn0.woolworths.media/content/wowproductimages/medium/113024.jpg",
      "discountedPrice": 5,
      "originalPrice": 6,
      "percent": 17,
      "savings": 1,
      "unitPrice": " $4.55 / 100G ",
      "onlineOnly": false
    },
    {
      "brand": "Woolworths",
      "productName": "Kellogg's Lcms Fruit Tingles Snack Bars 6 pack",
      "category": "Lunch Box",
      "imageURL": "https://cdn0.woolworths.media/content/wowproductimages/medium/113615.jpg",
      "discountedPrice": 3,
      "originalPrice": 4,
      "percent": 25,
      "savings": 1,
      "unitPrice": " $2.50 / 100G ",
      "onlineOnly": false
    },
    {
      "brand": "Woolworths",
      "productName": "Uncle Tobys Oat Slice Apple & Cinnamon 4 pack",
      "category": "Lunch Box",
      "imageURL": "https://cdn0.woolworths.media/content/wowproductimages/medium/113773.jpg",
      "discountedPrice": 3.5,
      "originalPrice": 5.5,
      "percent": 36,
      "savings": 2,
      "unitPrice": " $2.50 / 100G ",
      "onlineOnly": false
    },
    {
      "brand": "Woolworths",
      "productName": "Kellogg's Lcms Caramel Popcorn Snack Bars 6 pack",
      "category": "Lunch Box",
      "imageURL": "https://cdn0.woolworths.media/content/wowproductimages/medium/113935.jpg",
      "discountedPrice": 3,
      "originalPrice": 4,
      "percent": 25,
      "savings": 1,
      "unitPrice": " $2.78 / 100G ",
      "onlineOnly": false
    },
    {
      "brand": "Woolworths",
      "productName": "Kellogg's Lcms Dino Bars 6 pack",
      "category": "Lunch Box",
      "imageURL": "https://cdn0.woolworths.media/content/wowproductimages/medium/114484.jpg",
      "discountedPrice": 3,
      "originalPrice": 4,
      "percent": 25,
      "savings": 1,
      "unitPrice": " $2.27 / 100G ",
      "onlineOnly": false
    },
    {
      "brand": "Woolworths",
      "productName": "Kellogg's Lcms Butter Flavoured Popcorn Snack Bars 6 pack",
      "category": "Lunch Box",
      "imageURL": "https://cdn0.woolworths.media/content/wowproductimages/medium/116552.jpg",
      "discountedPrice": 3,
      "originalPrice": 4,
      "percent": 25,
      "savings": 1,
      "unitPrice": " $2.78 / 100G ",
      "onlineOnly": false
    },
    {
      "brand": "Woolworths",
      "productName": "Nutella Hazelnut Spread 400g",
      "category": "Lunch Box",
      "imageURL": "https://cdn0.woolworths.media/content/wowproductimages/medium/147312.jpg",
      "discountedPrice": 3.5,
      "originalPrice": 5,
      "percent": 30,
      "savings": 1.5,
      "unitPrice": " $0.88 / 100G ",
      "onlineOnly": false
    },
    {
      "brand": "Woolworths",
      "productName": "D'orsogna Triple Smoked Leg Ham 97% Fat Free Sliced From The Deli per kg",
      "category": "Lunch Box",
      "imageURL": "https://cdn0.woolworths.media/content/wowproductimages/medium/162725.jpg",
      "discountedPrice": 19,
      "originalPrice": 22,
      "percent": 14,
      "savings": 3,
      "unitPrice": " $19.00 / 1KG ",
      "onlineOnly": false
    },
    {
      "brand": "Woolworths",
      "productName": "D'orsogna Triple Smoked Leg Ham 97% Fat Free Shaved From The Deli per kg",
      "category": "Lunch Box",
      "imageURL": "https://cdn0.woolworths.media/content/wowproductimages/medium/175734.jpg",
      "discountedPrice": 19,
      "originalPrice": 22,
      "percent": 14,
      "savings": 3,
      "unitPrice": " $19.00 / 1KG ",
      "onlineOnly": false
    },
    {
      "brand": "Woolworths",
      "productName": "Western Star Supersoft Spreadable 500g",
      "category": "Lunch Box",
      "imageURL": "https://cdn0.woolworths.media/content/wowproductimages/medium/199420.jpg",
      "discountedPrice": 4.8,
      "originalPrice": 6,
      "percent": 20,
      "savings": 1.2,
      "unitPrice": " $0.96 / 100G ",
      "onlineOnly": false
    },
    {
      "brand": "Woolworths",
      "productName": "Frantelle Still Spring Water 24x600ml",
      "category": "Lunch Box",
      "imageURL": "https://cdn0.woolworths.media/content/wowproductimages/medium/219582.jpg",
      "discountedPrice": 11,
      "originalPrice": 15,
      "percent": 27,
      "savings": 4,
      "unitPrice": " $0.76 / 1L ",
      "onlineOnly": false
    },
    {
      "brand": "Woolworths",
      "productName": "Bega So Light 50% Reduced Fat Cheese Slices 30 pack",
      "category": "Lunch Box",
      "imageURL": "https://cdn0.woolworths.media/content/wowproductimages/medium/226463.jpg",
      "discountedPrice": 7.5,
      "originalPrice": 9,
      "percent": 17,
      "savings": 1.5,
      "unitPrice": " $15.00 / 1KG ",
      "onlineOnly": false
    },
    {
      "brand": "Woolworths",
      "productName": "Nestle Uncle Tobys Le Snak French Onion Dip & Crackers 12 pack",
      "category": "Lunch Box",
      "imageURL": "https://cdn0.woolworths.media/content/wowproductimages/medium/248198.jpg",
      "discountedPrice": 5,
      "originalPrice": 7.6,
      "percent": 34,
      "savings": 2.6,
      "unitPrice": " $1.89 / 100G ",
      "onlineOnly": false
    },
    {
      "brand": "Woolworths",
      "productName": "Nestle Uncle Tobys Le Snak Cheddar Cheese Dip & Crackers 12 pack",
      "category": "Lunch Box",
      "imageURL": "https://cdn0.woolworths.media/content/wowproductimages/medium/248199.jpg",
      "discountedPrice": 5,
      "originalPrice": 7.6,
      "percent": 34,
      "savings": 2.6,
      "unitPrice": " $1.89 / 100G ",
      "onlineOnly": false
    },
    {
      "brand": "Woolworths",
      "productName": "Babybel Mini Light Tasty Cheese Portions 100g",
      "category": "Lunch Box",
      "imageURL": "https://cdn0.woolworths.media/content/wowproductimages/medium/260963.jpg",
      "discountedPrice": 3.8,
      "originalPrice": 4.8,
      "percent": 21,
      "savings": 1,
      "unitPrice": " $38.00 / 1KG ",
      "onlineOnly": false
    },
    {
      "brand": "Woolworths",
      "productName": "Kellogg's Lcms Choco Split Stix Cereal Bars 138g",
      "category": "Lunch Box",
      "imageURL": "https://cdn0.woolworths.media/content/wowproductimages/medium/312248.jpg",
      "discountedPrice": 3,
      "originalPrice": 4,
      "percent": 25,
      "savings": 1,
      "unitPrice": " $2.17 / 100G ",
      "onlineOnly": false
    },
    {
      "brand": "Woolworths",
      "productName": "Nuttelex Olive Table Spread 500g",
      "category": "Lunch Box",
      "imageURL": "https://cdn0.woolworths.media/content/wowproductimages/medium/320268.jpg",
      "discountedPrice": 3.2,
      "originalPrice": 3.7,
      "percent": 14,
      "savings": 0.5,
      "unitPrice": " $0.64 / 100G ",
      "onlineOnly": false
    },
    {
      "brand": "Woolworths",
      "productName": "Kellogg's Lcms Choc Chip Snack Bars 6 pack",
      "category": "Lunch Box",
      "imageURL": "https://cdn0.woolworths.media/content/wowproductimages/medium/324207.jpg",
      "discountedPrice": 3,
      "originalPrice": 4,
      "percent": 25,
      "savings": 1,
      "unitPrice": " $2.27 / 100G ",
      "onlineOnly": false
    },
    {
      "brand": "Woolworths",
      "productName": "Nice & Natural Nut Bar Chocolate 6 pack",
      "category": "Lunch Box",
      "imageURL": "https://cdn0.woolworths.media/content/wowproductimages/medium/332059.jpg",
      "discountedPrice": 3,
      "originalPrice": 4,
      "percent": 25,
      "savings": 1,
      "unitPrice": " $1.56 / 100G ",
      "onlineOnly": false
    },
    {
      "brand": "Woolworths",
      "productName": "Nice & Natural Nut Bar Yoghurt 6 pack",
      "category": "Lunch Box",
      "imageURL": "https://cdn0.woolworths.media/content/wowproductimages/medium/332066.jpg",
      "discountedPrice": 3,
      "originalPrice": 4,
      "percent": 25,
      "savings": 1,
      "unitPrice": " $1.56 / 100G ",
      "onlineOnly": false
    },
    {
      "brand": "Woolworths",
      "productName": "Nice & Natural Nut Bar Trail Mix 6 pack",
      "category": "Lunch Box",
      "imageURL": "https://cdn0.woolworths.media/content/wowproductimages/medium/332068.jpg",
      "discountedPrice": 3,
      "originalPrice": 4,
      "percent": 25,
      "savings": 1,
      "unitPrice": " $1.56 / 100G ",
      "onlineOnly": false
    },
    {
      "brand": "Woolworths",
      "productName": "Woolworths Mini Croissant 8 pack",
      "category": "Lunch Box",
      "imageURL": "https://cdn0.woolworths.media/content/wowproductimages/medium/333359.jpg",
      "discountedPrice": 3.5,
      "originalPrice": 4,
      "percent": 13,
      "savings": 0.5,
      "unitPrice": " $0.44 / 1EA ",
      "onlineOnly": false
    },
    {
      "brand": "Woolworths",
      "productName": "Nice & Natural Chocolate Nut Bar Peanut & Almond 6 pack",
      "category": "Lunch Box",
      "imageURL": "https://cdn0.woolworths.media/content/wowproductimages/medium/343910.jpg",
      "discountedPrice": 3,
      "originalPrice": 4,
      "percent": 25,
      "savings": 1,
      "unitPrice": " $1.67 / 100G ",
      "onlineOnly": false
    },
    {
      "brand": "Woolworths",
      "productName": "Decor Snap & Seal Soft Touch Bottle 500ml each",
      "category": "Lunch Box",
      "imageURL": "https://cdn0.woolworths.media/content/wowproductimages/medium/463900.jpg",
      "discountedPrice": 4.5,
      "originalPrice": 9,
      "percent": 50,
      "savings": 4.5,
      "unitPrice": "No unit price available",
      "onlineOnly": false
    },
    {
      "brand": "Woolworths",
      "productName": "Aunt Betty's Creamy Rice Dairy Free Coconut Milk 240g",
      "category": "Lunch Box",
      "imageURL": "https://cdn0.woolworths.media/content/wowproductimages/medium/493527.jpg",
      "discountedPrice": 2,
      "originalPrice": 3,
      "percent": 33,
      "savings": 1,
      "unitPrice": " $0.83 / 100G ",
      "onlineOnly": false
    },
    {
      "brand": "Woolworths",
      "productName": "Aunt Betty's Creamy Rice Dessert Apple & Cinnamon 240g",
      "category": "Lunch Box",
      "imageURL": "https://cdn0.woolworths.media/content/wowproductimages/medium/493528.jpg",
      "discountedPrice": 2,
      "originalPrice": 3,
      "percent": 33,
      "savings": 1,
      "unitPrice": " $0.83 / 100G ",
      "onlineOnly": false
    },
    {
      "brand": "Woolworths",
      "productName": "Aunt Betty's Creamy Rice Dessert Natural Vanilla 240g",
      "category": "Lunch Box",
      "imageURL": "https://cdn0.woolworths.media/content/wowproductimages/medium/493529.jpg",
      "discountedPrice": 2,
      "originalPrice": 3,
      "percent": 33,
      "savings": 1,
      "unitPrice": " $0.83 / 100G ",
      "onlineOnly": false
    },
    {
      "brand": "Woolworths",
      "productName": "Decor Hydrate Tritan Bottle 1l each",
      "category": "Lunch Box",
      "imageURL": "https://cdn0.woolworths.media/content/wowproductimages/medium/495543.jpg",
      "discountedPrice": 5,
      "originalPrice": 10,
      "percent": 50,
      "savings": 5,
      "unitPrice": "No unit price available",
      "onlineOnly": false
    },
    {
      "brand": "Woolworths",
      "productName": "Nestle Bars Original 10 pack",
      "category": "Lunch Box",
      "imageURL": "https://cdn0.woolworths.media/content/wowproductimages/medium/535778.jpg",
      "discountedPrice": 5,
      "originalPrice": 7,
      "percent": 29,
      "savings": 2,
      "unitPrice": " $2.38 / 100G ",
      "onlineOnly": false
    },
    {
      "brand": "Woolworths",
      "productName": "Chobani Flip Greek Yoghurt Salted Caramel Crunch 140g",
      "category": "Lunch Box",
      "imageURL": "https://cdn0.woolworths.media/content/wowproductimages/medium/611738.jpg",
      "discountedPrice": 2,
      "originalPrice": 3,
      "percent": 33,
      "savings": 1,
      "unitPrice": " $1.43 / 100G ",
      "onlineOnly": false
    },
    {
      "brand": "Woolworths",
      "productName": "Chobani Flip Greek Yoghurt Key Lime Crumble 140g",
      "category": "Lunch Box",
      "imageURL": "https://cdn0.woolworths.media/content/wowproductimages/medium/611808.jpg",
      "discountedPrice": 2,
      "originalPrice": 3,
      "percent": 33,
      "savings": 1,
      "unitPrice": " $1.43 / 100G ",
      "onlineOnly": false
    },
    {
      "brand": "Woolworths",
      "productName": "Chobani Flip Greek Yoghurt Mint Choc Chip 140G",
      "category": "Lunch Box",
      "imageURL": "https://cdn0.woolworths.media/content/wowproductimages/medium/611904.jpg",
      "discountedPrice": 2,
      "originalPrice": 3,
      "percent": 33,
      "savings": 1,
      "unitPrice": " $1.43 / 100G ",
      "onlineOnly": false
    },
    {
      "brand": "Woolworths",
      "productName": "Mount Franklin Still Water Bottle 6x500ml",
      "category": "Lunch Box",
      "imageURL": "https://cdn0.woolworths.media/content/wowproductimages/medium/642585.jpg",
      "discountedPrice": 4.5,
      "originalPrice": 5.65,
      "percent": 20,
      "savings": 1.15,
      "unitPrice": " $1.50 / 1L ",
      "onlineOnly": false
    },
    {
      "brand": "Woolworths",
      "productName": "Kellogg's Lcms Coco Pops Cereal Snack Bars 132g",
      "category": "Lunch Box",
      "imageURL": "https://cdn0.woolworths.media/content/wowproductimages/medium/665521.jpg",
      "discountedPrice": 3,
      "originalPrice": 4,
      "percent": 25,
      "savings": 1,
      "unitPrice": " $2.27 / 100G ",
      "onlineOnly": false
    },
    {
      "brand": "Woolworths",
      "productName": "Balance Cleanse 700ml",
      "category": "Lunch Box",
      "imageURL": "https://cdn0.woolworths.media/content/wowproductimages/medium/683953.jpg",
      "discountedPrice": 2.1,
      "originalPrice": 2.8,
      "percent": 25,
      "savings": 0.7,
      "unitPrice": " $3.00 / 1L ",
      "onlineOnly": false
    },
    {
      "brand": "Woolworths",
      "productName": "Toscano French Croissants 240g x6 pack",
      "category": "Lunch Box",
      "imageURL": "https://cdn0.woolworths.media/content/wowproductimages/medium/684682.jpg",
      "discountedPrice": 3.5,
      "originalPrice": 4.5,
      "percent": 22,
      "savings": 1,
      "unitPrice": " $0.58 / 1EA ",
      "onlineOnly": false
    },
    {
      "brand": "Woolworths",
      "productName": "Chobani Flip Strawberry Shortcake 140g",
      "category": "Lunch Box",
      "imageURL": "https://cdn0.woolworths.media/content/wowproductimages/medium/687605.jpg",
      "discountedPrice": 2,
      "originalPrice": 3,
      "percent": 33,
      "savings": 1,
      "unitPrice": " $1.43 / 100G ",
      "onlineOnly": false
    },
    {
      "brand": "Woolworths",
      "productName": "Chobani Flip Cookies & Cream Crunch 140g",
      "category": "Lunch Box",
      "imageURL": "https://cdn0.woolworths.media/content/wowproductimages/medium/687630.jpg",
      "discountedPrice": 2,
      "originalPrice": 3,
      "percent": 33,
      "savings": 1,
      "unitPrice": " $1.43 / 100G ",
      "onlineOnly": false
    },
    {
      "brand": "Woolworths",
      "productName": "Chobani Flip Lemon Meringue Tang 140g",
      "category": "Lunch Box",
      "imageURL": "https://cdn0.woolworths.media/content/wowproductimages/medium/687632.jpg",
      "discountedPrice": 2,
      "originalPrice": 3,
      "percent": 33,
      "savings": 1,
      "unitPrice": " $1.43 / 100G ",
      "onlineOnly": false
    },
    {
      "brand": "Woolworths",
      "productName": "Kellogg's K-time Baked Twists Raspberry & Apple Flavour Snack Bars 185g",
      "category": "Lunch Box",
      "imageURL": "https://cdn0.woolworths.media/content/wowproductimages/medium/724085.jpg",
      "discountedPrice": 3,
      "originalPrice": 4,
      "percent": 25,
      "savings": 1,
      "unitPrice": " $1.62 / 100G ",
      "onlineOnly": false
    },
    {
      "brand": "Woolworths",
      "productName": "Kellogg's K-time Baked Twists Strawberry & Blueberry Flavour Snack Bars 185g",
      "category": "Lunch Box",
      "imageURL": "https://cdn0.woolworths.media/content/wowproductimages/medium/724087.jpg",
      "discountedPrice": 3,
      "originalPrice": 4,
      "percent": 25,
      "savings": 1,
      "unitPrice": " $1.62 / 100G ",
      "onlineOnly": false
    },
    {
      "brand": "Woolworths",
      "productName": "Wonder White Hi Fibre Soft Wraps 6 pack",
      "category": "Lunch Box",
      "imageURL": "https://cdn0.woolworths.media/content/wowproductimages/medium/738639.jpg",
      "discountedPrice": 3.3,
      "originalPrice": 4,
      "percent": 18,
      "savings": 0.7,
      "unitPrice": " $1.06 / 100G ",
      "onlineOnly": false
    },
    {
      "brand": "Woolworths",
      "productName": "V8 Fruit & Veggie Juice Tropical Fusion 300ml",
      "category": "Lunch Box",
      "imageURL": "https://cdn0.woolworths.media/content/wowproductimages/medium/750803.jpg",
      "discountedPrice": 1.5,
      "originalPrice": 2.4,
      "percent": 37,
      "savings": 0.9,
      "unitPrice": " $5.00 / 1L ",
      "onlineOnly": false
    },
    {
      "brand": "Woolworths",
      "productName": "Bega Strong & Bitey Vintage Cheese Slices 500g",
      "category": "Lunch Box",
      "imageURL": "https://cdn0.woolworths.media/content/wowproductimages/medium/769525.jpg",
      "discountedPrice": 7.5,
      "originalPrice": 9,
      "percent": 17,
      "savings": 1.5,
      "unitPrice": " $15.00 / 1KG ",
      "onlineOnly": false
    },
    {
      "brand": "Woolworths",
      "productName": "Bega Tasty Cheese Slices 500g",
      "category": "Lunch Box",
      "imageURL": "https://cdn0.woolworths.media/content/wowproductimages/medium/769558.jpg",
      "discountedPrice": 7.5,
      "originalPrice": 9,
      "percent": 17,
      "savings": 1.5,
      "unitPrice": " $15.00 / 1KG ",
      "onlineOnly": false
    },
    {
      "brand": "Woolworths",
      "productName": "Five:am Organic Squeezy Strawberry Yoghurt 120g pouch",
      "category": "Lunch Box",
      "imageURL": "https://cdn0.woolworths.media/content/wowproductimages/medium/790185.jpg",
      "discountedPrice": 1,
      "originalPrice": 2,
      "percent": 50,
      "savings": 1,
      "unitPrice": " $0.83 / 100G ",
      "onlineOnly": false
    },
    {
      "brand": "Woolworths",
      "productName": "Five:am Organic Vanilla Bean Yoghurt Pouch 120g",
      "category": "Lunch Box",
      "imageURL": "https://cdn0.woolworths.media/content/wowproductimages/medium/790203.jpg",
      "discountedPrice": 1,
      "originalPrice": 2,
      "percent": 50,
      "savings": 1,
      "unitPrice": " $0.83 / 100G ",
      "onlineOnly": false
    },
    {
      "brand": "Woolworths",
      "productName": "Milo Dipped Snack Bars With White Chocolate 10 pack",
      "category": "Lunch Box",
      "imageURL": "https://cdn0.woolworths.media/content/wowproductimages/medium/797102.jpg",
      "discountedPrice": 5,
      "originalPrice": 7,
      "percent": 29,
      "savings": 2,
      "unitPrice": " $1.85 / 100G ",
      "onlineOnly": false
    },
    {
      "brand": "Woolworths",
      "productName": "Kellogg's Nutri-grain Original Cereal Snack Bars 144g",
      "category": "Lunch Box",
      "imageURL": "https://cdn0.woolworths.media/content/wowproductimages/medium/797142.jpg",
      "discountedPrice": 3,
      "originalPrice": 4,
      "percent": 25,
      "savings": 1,
      "unitPrice": " $2.08 / 100G ",
      "onlineOnly": false
    },
    {
      "brand": "Woolworths",
      "productName": "Estel Premium Alkaline Sport Water 750ml",
      "category": "Lunch Box",
      "imageURL": "https://cdn0.woolworths.media/content/wowproductimages/medium/799996.jpg",
      "discountedPrice": 1.5699999999999998,
      "originalPrice": 3.15,
      "percent": 50,
      "savings": 1.58,
      "unitPrice": " $2.09 / 1L ",
      "onlineOnly": false
    },
    {
      "brand": "Woolworths",
      "productName": "Just Water Spring Water 500ml",
      "category": "Lunch Box",
      "imageURL": "https://cdn0.woolworths.media/content/wowproductimages/medium/856860.jpg",
      "discountedPrice": 1,
      "originalPrice": 1.5,
      "percent": 33,
      "savings": 0.5,
      "unitPrice": " $2.00 / 1L ",
      "onlineOnly": false
    },
    {
      "brand": "Woolworths",
      "productName": "D'orsogna Premium Ham Off The Bone Sliced From The Deli per kg",
      "category": "Lunch Box",
      "imageURL": "https://cdn0.woolworths.media/content/wowproductimages/medium/935656.jpg",
      "discountedPrice": 24,
      "originalPrice": 30,
      "percent": 20,
      "savings": 6,
      "unitPrice": " $24.00 / 1KG ",
      "onlineOnly": false
    }
  ]
}
